3312 5238
878 397 1111 462 ...132-

402 555 555 637 gresteni
574 548 686 629 elteri3
722 552 885 620 Socratem
905 553 1002 640 igitur
1022 555 1196 622 seeundum
1216 553 1412 641 reliquorum
1434 554 1576 625 codicum

401 661 437 724 et
458 651 587 721 Stobaei
607 654 796 732 lectionemr
810 677 904 741 qnam
924 657 1252 737 restitutorium,
1267 647 1483 744 interrogare,
1506 682 1578 726 num

402 778 469 844 qna
489 764 580 845 parte
600 758 737 824 iustitiae
758 757 876 844 figura,
905 782 1000 848 quum
1021 763 1055 826 in
1077 762 1201 829 civitate
1223 766 1478 850 uonspexisssnt,
1509 785 1578 828 cum

399 861 540 942 hominis
574 861 693 941 iustitia
718 863 843 934 oollam
877 867 1083 932 mutationem
1119 874 1152 932 et
1187 869 1411 934 detrimentum
1447 876 1576 952 experta

397 973 505 1048 esset,
538 973 577 1033 nt
599 955 728 1044 omnino
758 969 850 1035 oliter
877 970 916 1033 de
944 975 1057 1034 natura
1085 971 1223 1039 iustitiae
1253 971 1351 1058 ipsius
1379 974 1578 1036 statuendum

398 1072 608 1153 ‚videretunu
631 1079 673 1137 'ct
702 1105 743 1139 ,-
772 1073 874 1150 Quam
894 1079 1000 1138 temen
1021 1075 1061 1138 de
1082 1075 1201 1141 institia
1221 1083 1432 1160 proposuerat
1453 1082 1578 1140 senten-

399 1175 487 1252 tiam,
509 1195 590 1258 eom
598 1175 650 1244 lu‘s
667 1176 768 1260 magis
786 1173 888 1248 adhno
902 1173 1029 1242 firmare
1043 1183 1190 1244 conatur.
1210 1165 1341 1244 “sm
1303 1201 1378 1304 γαρ,
1400 1163 1441 1258 ἦν
1457 1171 1523 1246 θ’
1507 1175 1576 1263 εγῖ,

398 1273 615 1362 παντάπασιν
644 1274 685 1348 ἀν
716 1279 1048 1376 βεβαιωσαίμεθα’
1024 1305 1052 1346 ει
1081 1305 1115 1348 τι
1147 1274 1237 1366 ἡμῶν
1268 1279 1318 1347 ἔτι
1350 1282 1383 1346 ἐν
1416 1282 1455 1374 τῇ
1488 1281 1577 1376 ψυχῇ

398 1371 623 1502 ἀμφισβητεῖ,
650 1379 692 1448 τά
720 1379 863 1473 φορτικοὶ
884 1377 975 1474 αὐτῷ
995 1385 1251 1508 προσφέροντες.
1292 1367 1385 1450 Ποῖα
1412 1378 1471 1468 δὴς
1501 1378 1577 1452 (λῖον

399 1480 431 1552 εἰ
455 1479 571 1552 δέοι
553 1486 641 1572 ημᾶς
668 1481 955 1572 ἀνομολογεῖσθαι
983 1487 1061 1574 περὶ
1083 1511 1116 1555 τε
1147 1487 1274 1568 ἐκείνης
1294 1487 1353 1568 τῆς
1377 1483 1503 1565 πόλεως
1525 1493 1578 1554 καὶ

400 1589 462 1656 τοῦ
496 1589 597 1683 ἐκείνη
634 1583 755 1676 ὁμοίοις
789 1583 972 1681 πεφυκότος
1009 1613 1042 1656 τε
1078 1593 1135 1656 καὶ
1171 1593 1406 1678 τεθραμμένον
1442 1587 1576 1682 ἀνδρὸς,

398 1686 430 1762 οἰ
462 1687 610 1761 ὃοιιεῖ”
588 1716 629 1760 αν
664 1689 958 1780 παρακαταθήκην
987 1692 1126 1782 χρυσίου
1160 1688 1180 1773 ἢ
1214 1687 1373 1804 ἀργυρίου
1386 1689 1577 1816 δεξάμενρς

395 1789 587 1876 ὄτοιοῦιος
617 1791 859 1918 ἀποστερῆσαι,
891 1793 946 1864 τίν’
980 1793 1023 1863 ἀν
1055 1796 1117 1864 οἴει
1149 1792 1313 1878 οἰηθῆναι
1343 1795 1442 1864 τοῦτο
1477 1793 1577 1868 αὐτὸν

396 1899 520 1990 θράσαι
541 1895 723 1989 μάλλον,’
701 1927 722 1982 η
745 1891 821 1968 ὅσοι
842 1897 887 1986 μὴ
910 1900 1076 1982 τοιοῦτοις
1110 1894 1265 1968 οὐδέν”
1243 1925 1302 1977 αν,
1327 1899 1428 1993 ἔφη
1453 1897 1578 1970 Οὐκοῦν

397 2007 455 2070 καὶ
485 2003 675 2093 ἱεροσυλιῶν
703 2009 761 2080 καὶ
787 2003 917 2100 κλοπῶν
943 2007 999 2071 καὶ
1029 2000 1288 2090 προδοσιῶν,’
1266 2031 1287 2086 η
1310 2000 1416 2072 ιδία
1400 1979 1578 2095 ετπῖρωνη

398 2107 560 2198 δημοσία
570 2101 744 2174 πόλεων
729 2103 820 2184 εκτὸς
852 2102 893 2172 ἀν
925 2095 1022 2183 οὗτος
1052 2106 1116 2186 είη,
1138 2101 1269 2227 'Euroo
1312 2073 1383 2175 Κάὶ
1411 2105 1478 2196 μὴν
1505 2101 1575 2174 odd

400 2203 587 2277 ὁπωστιουν
615 2205 755 2286 ἀπιστας
785 2205 806 2290 ἢ
832 2205 918 2274 κατὰ
948 2232 1066 2299 ορνονς
1094 2204 1115 2290 ἢ
1140 2207 1226 2276 κατὰ
1249 2207 1310 2290 τὰς
1328 2208 1436 2290 ἀλλος
1458 2205 1578 2300 ὁμολο-

397 2315 488 2400 γίας.
531 2313 612 2390 Πῶς
640 2309 705 2402 γὰρ
723 2305 795 2396 ,ἀνς
830 2315 989 2399 Μοιχείαν
1013 2308 1078 2398 μὴν
1106 2318 1160 2382 καὶ
1192 2317 1313 2400 γονέων
1344 2310 1494 2404 ἀμέλειαι
1524 2320 1579 2381 καὶ

400 2417 494 2500 θεῶν
516 2411 762 2502 ἀθεραπευσίαι
784 2420 882 2483 παντὶ
904 2413 992 2507 ἄλλῳ
1013 2414 1201 2504 μάλλον,-ἢ
1223 2419 1268 2512 τῷ
1289 2413 1429 2510 τοιούτῳ
1450 2413 1578 2509 προσή-

399 2543 506 2590 κουσι.
538 2523 774 2607 Παντὶμέντοι,
798 2519 872 2612 ἔφη.
892 2541 926 2607 p.
947 2521 1019 2596 ddi„
1039 2521 1073 2588 C.
1112 2519 1417 2612 Schleiermuoberus
1435 2542 1468 2608 p.
1486 2525 1540 2599 26,
1554 2522 1576 2588 1.

401 2625 532 2706 17-24.
550 2623 667 2692 introd.
682 2625 801 2691 errnvit
811 2623 846 2690 in
859 2647 909 2704 eo,
928 2623 1016 2711 quod
1029 2625 1196 2692 Platonem
1206 2629 1266 2703 hoo,
1276 2626 1347 2692 loon
1361 2625 1501 2694 iustitiae
1522 2649 1577 2692 no·

398 2729 521 2793 tionem
542 2729 576 2794 in
589 2728 776 2822 universum
793 2726 971 2794 ‘examinare
994 2728 1131 2799 voluisse
1152 2731 1272 2797 sumsit
1315 2729 1409 2809 Quod
1431 2729 1460 2800 si
1483 2729 1577 2798 huius

398 2828 462 2916 loni
487 2832 566 2898 haec
591 2832 746 2898 sententia
773 2840 865 2908 esset,
893 2831 1046 2916 proiecto·
1066 2841 1102 2901 ut
1128 2855 1284 2900 summum
1307 2833 1418 2900 vitium
1442 2835 1476 2899 in
1503 2832 1577 2900 defi·

400 2933 519 3014 niendn
543 2935 663 3003 iustitio
686 2934 981 3030 reprehendendum
998 2937 1074 3013 fuit,
1100 2941 1188 3024 quod
1208 2937 1401 3024 reliquarum
1423 2939 1577 3004 virtutum

401 3041 513 3110 eadem
536 3061 617 3125 qnae
642 3038 780 3105 iustitias
803 3043 851 3108 vis
873 3049 966 3116 esset,
990 3063 1050 3106 neo
1071 3063 1107 3106 re
1129 3062 1206 3108 vern
1226 3063 1246 3106 n
1264 3041 1382 3110 iustitia
1402 3040 1576 3118 differrent

400 3141 465 3211 Sed
489 3163 530 3208 ea
552 3143 690 3220 Platonis
716 3164 806 3235 mons
827 3159 891 3212 non
908 3145 985 3210 ¹fuit.
1030 3148 1109 3212 Num
1133 3146 1167 3214 id
1187 3152 1308 3222 tantum
1332 3143 1446 3231 egebat
1467 3149 1579 3215 Socra·
1642 3139 1643 3160 *

399 3253 516 3328 tenut
544 3249 727 3329 ostenderet
749 3246 877 3315 salsum
890 3267 959 3318 esse
983 3247 1191 3324 Glauconem,
1224 3248 1279 3334 qni
1302 3248 1356 3318 lib.
1379 3251 1418 3314 11.
1441 3269 1474 3336 p.
1501 3254 1577 3327 359,

399 3353 437 3415 B.
464 3371 535 3436 sqq.
560 3354 781 3426 contenderet,
802 3353 897 3421 etiam
915 3351 1041 3429 iustum,
1067 3353 1095 3420 si
1121 3352 1245 3420 οοοοείο
1269 3354 1310 3424 sit
1332 3352 1487 3440 impunite
1505 3376 1580 3438 pec·

401 3452 511 3536 cnudi,
544 3475 666 3526 summa
692 3454 846 3532 meleficia
871 3458 1110 3525 commissurum
1136 3477 1224 3534 esse,
1245 3477 1318 3522 nee
1344 3455 1475 3524 differre
1506 3480 1581 3524 eum

400 3555 441 3624 ab
469 3556 598 3640 iniusto.
619 3593 662 3608 ·-
681 3557 730 3626 nd
750 3562 947 3646 probandum
965 3581 1043 3629 vero
1065 3581 1135 3628 eum
1151 3581 1220 3628 rom
1237 3581 1307 3632 non
1326 3551 1406 3646 opus
1426 3561 1501 3639 fuit,
1528 3570 1579 3638 ut,

401 3683 483 3746 quoe
508 3664 604 3734 'unius
634 3663 786 3750 uniusque
815 3664 939 3728 virtutis
967 3663 1015 3731 vis
1048 3665 1107 3740 sit,
1142 3671 1288 3730 accurate
1317 3663 1580 3750 distingueretur.

401 3767 477 3844 Non,
493 3763 590 3850 igitur
607 3766 746 3835 iustitias
764 3769 924 3853 notionem
941 3768 975 3834 in
991 3769 1174 3835 universum
1195 3772 1226 3834 h.
1245 3767 1267 3833 l.
1291 3770 1474 3834 examinare
1488 3770 1581 3836 Plato

401 3867 517 3949 voluit,
551 3869 608 3936 sed
637 3869 836 3958 expendere,
871 3891 949 3938 num
975 3870 1009 3936 in
1035 3871 1115 3938 hano
1141 3871 1278 3946 iustitiae
1306 3871 1469 3940 notionem
1502 3893 1580 3940 vere

403 3970 553 4090 oederent
577 3995 631 4051 en,
660 3995 741 4060 quae
759 3978 801 4049 de
823 3974 959 4043 iustitiae
985 3983 1110 4052 netum
1123 3978 1242 4044 Glauco
1264 3975 1402 4043 dixerat.
1450 3971 1580 4047 Οὐκοῦν

400 4068 527 4144 τούτων
554 4072 686 4146 πάντων
715 4073 891 4160 aeuus
881 4068 937 4146 ότι
962 4073 1066 4149 αὐτον
1096 4080 1158 4148 τῶν
1187 4081 1220 4148 ἐν
1248 4074 1339 4171 αὐτῷ
1367 4081 1510 4168 εναστον
1537 4076 1579 4148 τά

402 4175 508 4262 αὑτοῦ
534 4174 672 4271 πράττει
700 4177 830 4270 ἀρχῆς
831 4207 866 4248 τε
885 4184 959 4274 πέρι
987 4187 1042 4253 καὶ
1070 4185 1137 4250 τοῦ
1139 4180 1348 4282 ἀρχεσθαις
1383 4185 1491 4254 Τοῦτο
1506 4192 1578 4272 μὲν

401 4271 462 4352 οὗν
496 4287 565 4358 καὶ
580 4278 676 4352 osten
705 4281 797 4360 ἀλλο.
837 4281 918 4358 Ετι
947 4311 980 4358 τι
1009 4273 1068 4357 οὖν
1096 4289 1209 4378 ε’ττρον
1227 4289 1336 4372 ζητεῖς
1363 4283 1643 4388 ὁιιεοιιοουναν
