3344 5234
873 383 1080 448 ..90-

390 537 717 622 derum-iniustitiam
738 557 816 604 vero
839 533 1034 624 εὐβουλίαν,
1057 543 1347 625 prudentesatque
1368 537 1447 606 adeo
1468 538 1567 617 bonos

390 663 459 713 esse
490 641 634 727 periente,
661 644 812 720 iniustos,
845 646 898 727 qn·
927 646 1062 710 civitatee
1090 655 1190 730 atque.
1198 646 1568 728 mutasset-suiten

387 751 518 830 ouleuttt.
567 742 610 814 Οἳ
627 772 663 833 ys
688 750 812 829 τελέως,
834 747 909 838 ἔφη,
930 741 995 828 αἶρέ
1018 773 1051 814 τε
1074 743 1206 826 ἀδικεῖν,
1227 744 1340 826 πόλεις
1362 772 1395 814 ee
1416 753 1471 830 atui
1486 747 1569 830 ἔθνη

389 847 565 938 δυνάμενοι
595 845 784 937 ἀνθρώπων
813 845 870 940 ὑφ’,
900 848 1038 928 ἑαυτοὺς
1060 856 1249 918 ποιεῖσθαι.
1294 851 1339 918 Gi.
1363 874 1396 936 p.
1419 852 1501 926 3d8,
1533 855 1569 917 D.

388 959 453 1029 Nee
488 953 611 1037 dubitat
636 953 796 1027 affirmare
824 953 1011 1034 iniustitiam
1041 959 1194 1030 ussewi
1222 951 1327 1023 καλὸν
1349 960 1405 1023 καὶ
1429 949 1571 1042 ἰσχυρόν.

391 1059 545 1142 Concedit
572 1057 685 1127 deinde
711 1060 861 1130 iniustum
884 1058 954 1144 plus
975 1055 1094 1135 habere
1117 1058 1197 1141 velle
1220 1079 1296 1140 cum·
1313 1058 1404 1126 iustis
1434 1066 1501 1125 tum
1526 1057 1573 1122 in·

388 1163 489 1246 iustis,
512 1165 630 1250 iustum
652 1183 730 1239 vero
751 1161 875 1248 iniustis
894 1170 1028 1246 tantum.
1047 1231 1051 1241 ,
1072 1165 1129 1227 His
1150 1161 1308 1248 concessis
1330 1161 1374 1241 ita
1395 1162 1496 1244 utitur
1509 1165 1574 1246 ⁴So·

390 1276 492 1350 eretes
514 1276 549 1332 ut
571 1266 691 1343 doceat,
715 1286 824 1332 omnes
847 1265 903 1352 qui
918 1267 995 1332 artis
1010 1263 1141 1348 alieuius
1157 1268 1249 1350 gnari
1262 1274 1294 1330 et
1314 1264 1488 1351 prudentes
1503 1265 1572 1338 sint,

386 1369 461 1438 i.·e.
485 1370 562 1436 boni
585 1369 670 1456 quod
692 1371 805 1454 attinet¹
823 1370 869 1434 ad·
884 1373 966 1452 haue
986 1391 1065 1442 rem,
1088 1390 1152 1440 nou
1174 1365 1302 1454 uiridem
1324 1371 1435 1453 gnaris
1452 1377 1484 1434 et
1502 1389 1576 1455 pru·

389 1473 542 1559 dentibus
555 1473 626 1560 plus
650 1473 768 1556 hahere
791 1473 889 1547 velte,
912 1473 967 1538 sed
990 1471 1112 1559 ignaris
1132 1482 1164 1538 et
1184 1472 1450 1558 imprudentibus.
1497 1476 1576 1538 Con·

389 1578 522 1654 trarium
551 1578 643 1663 piane
658 1577 817 1644 accidere
846 1579 923 1644 artis
952 1576 1084 1643 atieuius
1112 1579 1232 1661 ignaris
1254 1586 1285 1642 et
1307 1575 1574 1662 imprudentibus.

389 1685 487 1746 Bonis
508 1681 606 1766 igitur
627 1681 744 1746 similes
767 1703 836 1758 esse
858 1683 967 1756 iustos,
991 1680 1082 1748 malis
1102 1680 1244 1762 iniustos.
1290 1685 1433 1767 Cumque
1449 1701 1577 1746 eonces-

389 1785 481 1851 sisset
502 1785 761 1870 Thrasymachus,
786 1789 835 1850 cui
860 1787 931 1869 quis
953 1783 1065 1848 similis
1088 1794 1170 1850 esset
1192 1784 1287 1850 talem
1310 1805 1382 1851 eum
1407 1805 1497 1858 esse,
1521 1788 1579 1850 bo·

389 1911 448 1956 nos
471 1910 540 1954 esse
562 1889 661 1954 iustos
687 1888 883 1954 demonstrat
906 1892 1072 1975 Socrates,
1091 1889 1192 1955 matos
1211 1890 1269 1973 qui
1291 1888 1412 1954 iniusti.
1449 1909 1482 1975 p.
1507 1893 1578 1963 350,

391 1997 425 2060 C.
470 1992 583 2061 Valent
609 2001 714 2057 autem
746 1991 823 2056 haee
853 2013 916 2056 non
945 1999 1009 2058 tam
1039 1990 1079 2056 ad
1100 1990 1463 2079 probandamiustitiae
1486 2013 1578 2078 prae-

390 2098 545 2186 stantiam,
567 2099 617 2165 sed
641 2098 770 2180 predum
793 2099 841 2160 die
858 2097 928 2178 fieri
942 2105 1087 2182 muamus
1101 2099 1141 2179 od
1157 2099 1306 2178 vestorem
1319 2099 1459 2180 iustitiae
1479 2099 1581 2180 defini·

390 2204 511 2266 tionem.
545 2183 872 2266 Namdemonstretum
891 2202 995 2265 saltem
1010 2209 1061 2274 est,
1085 2221 1145 2269 esre
1167 2221 1233 2264 eum
1258 2202 1291 2264 iu
1311 2202 1440 2265 virtutis
1455 2220 1581 2267 numero

392 2289 604 2388 reponendum.
645 2303 692 2369 Gi.
719 2303 1001 2371 Sehleiermacher.
1040 2303 1122 2370 Einl.
1147 2323 1178 2390 p.
1207 2305 1257 2368 tt.

476 2412 507 2475 2.
554 2407 629 2472 Post
650 2411 728 2474 haee
751 2411 913 2482 Socrates,
943 2427 1133 2496 quamquam
1162 2407 1253 2481 facile
1280 2407 1431 2476 refellere
1457 2415 1583 2494 poterat

392 2511 675 2600 Thrasymachum,
706 2514 760 2599 qui
781 2512 969 2592 iniustitiam
990 2512 1156 2578 fortiorem
1178 2511 1434 2598 validioremque
1459 2515 1584 2583 iniusti-

392 2620 437 2691 tia
460 2637 528 2688 esse
552 2618 685 2689 diceret,
713 2637 754 2684 eo
775 2616 864 2700 quod.
882 2636 1071 2698 eoncessum.
1088 2615 1151 2695 iam
1172 2630 1279 2694 esset,-
1296 2637 1365 2683 esse
1390 2637 1464 2691 eam
1491 2618 1584 2684 insei-

392 2723 481 2808 tiam,
502 2719 805 2790 tomemacouratius
828 2741 946 2787 serem
970 2719 1137 2806 explorare
1160 2720 1240 2788 velte
1262 2719 1413 2788 declarat.
1464 2724 1515 2802 lta
1530 2721 1587 2805 igi-

353 2877 361 2894 .
393 2835 445 2891 tur
466 2826 588 2911 pergit:
624 2826 772 2888 «Dicisne
805 2827 957 2899 eivitotem
977 2827 1113 2907 aliquant
1140 2826 1286 2904 initantum
1301 2845 1376 2893 ,eene
1399 2836 1428 2890 et
1454 2828 1530 2892 eade
1555 2828 1588 2890 in

391 2931 563 3014 seruitutem
580 2929 697 3007 ,irtiuete
723 2930 856 3010 redipere
879 2931 958 2995 atius
976 2931 1112 3010 civitatee
1133 2938 1160 3001 et
1184 2931 1341 3011 redeyiase,
1363 2932 1542 3013 multusque
1555 2933 1588 2992 ia

389 3044 535 3118 potestate
564 3053 621 3100 auu
644 3034 752 3103 dobere
775 3033 926 3102 deuictus?
960 3035 1022 3098 Cur
1042 3036 1125 3110 nen?
1146 3034 1261 3114 iuquit,
1280 3035 1367 3116 idque
1392 3036 1588 3116 optimumst

393 3139 626 3222 intentissimum
638 3139 781 3202 manime
796 3138 959 3218 [ueterum.
997 3129 1156 3219 Intelligo,
1175 3138 1326 3214 ¹Socrates
1352 3138 1481 3223 inquit,
1497 3141 1588 3202 hane

394 3252 479 3310 tuam
506 3241 603 3306 fuisse
632 3243 824 3308 orationem.
851 3239 912 3314 Sed
936 3239 975 3308 de
1004 3240 1052 3306 his
1069 3243 1154 3316 ,haee
1183 3249 1302 3309 tantum
1328 3250 1472 3322 speetu:
1508 3246 1590 3310 Num

395 3350 513 3420 civitas,
541 3367 615 3428 quae
633 3346 772 3426 superior
790 3346 874 3426 foetu
897 3346 952 3424 pit,
978 3346 1041 3408 stne
1064 3346 1284 3420 iustitiudturte
1300 3348 1480 3426 potentiam
1504 3348 1592 3410 tati-

396 3463 468 3517 tura
487 3453 537 3522 sit,
567 3470 608 3514 oe
638 3469 707 3522 euna
724 3450 843 3524 iustitie
863 3451 1057 3514 ,arcessar-io?
1074 3448 1141 3524 .Si,
1168 3447 1287 3532 iuquit,
1303 3449 1591 3532 ‘quemadmodum

397 3564 431 3619 tu
454 3553 547 3640 paolo
570 3561 642 3616 ante
665 3549 771 3620 dixisti
795 3551 910 3616 iustitia
929 3550 1088 3633 sapientia
1110 3560 1173 3624 est,
1197 3571 1268 3622 cum
1291 3550 1431 3631 iustitia;
1461 3554 1535 3631 siu,
1561 3561 1594 3618 ut

398 3679 458 3744 ego
482 3658 568 3738 dixi,
590 3675 663 3730 eum
684 3654 845 3736 iniustitia.
889 3655 1024 3720 Omnino
1047 3654 1208 3732 delector,
1228 3655 1373 3740 iuquam,
1406 3663 1595 3746 oThrasy·

398 3765 524 3846 macho,
560 3760 644 3846 quod
675 3780 739 3824 non
766 3758 868 3830 solum
897 3759 1010 3824 annuis
1040 3767 1073 3826 et
1099 3762 1227 3834 ebonis,
1265 3759 1319 3824 sod
1342 3760 1473 3844 optime
1498 3763 1595 3828 etiarn

398 3869 584 3952 respondes.
632 3861 821 3936 Tihienim,
851 3861 967 3947 inquit,
988 3861 1160 3945 gratificor.
1204 3868 1287 3928 Bene
1310 3868 1391 3947 agis.
1442 3867 1512 3933 Sed
1537 3867 1596 3932 hoe

400 3970 495 4036 etiam
519 3967 598 4032 mihi
621 3966 796 4052 gratificare
820 3965 937 4030 etdic:
956 3969 1408 4049 putesneee'oitetemoie'qunm
1426 3981 1487 4036 aut
1502 3993 1596 4036 exer-

400 4074 497 4140 eitum
520 4081 574 4137 aut
595 4069 732 4136 latrones
754 4079 808 4134 ant
830 4068 1015 4152 praedones,
1038 4077 1092 4134 aut
1114 4090 1208 4155 qoam
1228 4070 1319 4136 aliam
1336 4073 1597 4155 multitudinem,

401 4179 575 4258 eoniunetis
588 4173 719 4260 uiribus
739 4174 858 4262 iniuste
874 4173 1015 4260 aliquam
1028 4195 1101 4243 rem
1122 4173 1343 4258 suscipientes,
1372 4176 1505 4262 aliquid
1532 4177 1599 4244 effi-

402 4303 475 4352 cere
496 4300 601 4366 posse,
623 4279 651 4346 si
672 4278 789 4354 iniuria
810 4299 846 4342 se
867 4279 1003 4347 invicem
1024 4277 1227 4362 affligerent?
1261 4278 1394 4351 Minime
1419 4301 1526 4362 uero,
1551 4283 1600 4348 in·
