3296 5232
853 341 1086 412 ...m-

379 507 465 573 e'ss'et
485 499 677 588 philosopho
698 525 772 570 eam
792 525 959 590 quaerere.
1004 505 1046 570 Si.
1058 525 1135 572 vero
1152 505 1310 592 'optimam
1331 507 1458 572 tantum
1483 505 1563 572 civi·

377 605 475 674 tatem
496 606 679 674 describere
699 607 874 686 vellet,'ita
893 616 930 674 ut
944 617 1101 695 quantum
1123 631 1163 676 ea
1183 618 1324 693 praestet
1344 610 1483 696 reliquis
1505 631 1563 694 pa·

377 717 472 788 teret,
494 718 582 777 recte
604 709 721 776 habent
742 713 848 778 omnia
869 719 901 776 et
923 709 1068 777 sufficere
1088 721 1228 797 poterat,
1250 713 1391 798 reliquas
1414 715 1562 778 civitates

376 811 519 880 breviter
539 817 768 898 percensuisse.
813 810 1019 880 Retinendam
1048 836 1126 882 vero
1153 815 1251 885 luisse
1280 816 1375 882 etiam
1400 815 1562 882 hocloco

378 937 474 1004 quam
503 916 543 986 de
564 918 670 1004 operis
693 917 755 984 tine
777 921 971 984 excitaverat
991 918 1130 1003 speciem
1151 919 1472 1004 simulationemque,
1499 941 1563 1005 qua

376 1041 452 1086 nans
473 1021 536 1086 iam
559 1028 646 1097 erat,
674 1041 734 1105 per
755 1043 789 1086 se
810 1021 906 1104 patet.
950 1025 989 1087 Et
1011 1030 1080 1088 crat
1100 1022 1160 1108 ista
1179 1023 1352 1109 ,disputatio
1374 1027 1416 1090 ad
1440 1043 1564 1107 cogno·
1629 1041 1630 1046 ’

378 1127 526 1189 scandam
548 1126 687 1208 optimae
709 1125 843 1191 civitatis
863 1134 1007 1214 naturam
1022 1133 1115 1210 atque
1129 1126 1352 1210 praestantiam
1368 1127 1563 1212 gravissima

378 1231 473 1313 atque
496 1230 579 1296 adeo·
602 1230 789 1294 necessaria.
810 1265 853 1278 -
875 1231 954 1292 Tum
982 1229 1169 1295 timocratici
1195 1231 1257 1296 viri
1285 1237 1433 1295 naturam
1463 1238 1562 1315 atque

378 1332 532 1416 originem
554 1331 642 1396 Plato
665 1331 826 1408 describit,
848 1331 923 1397 inde
945 1354 963 1397 a
985 1353 1018 1416 p.
1043 1335 1115 1411 stu,
1137 1336 1229 1402 D..-
1244 1336 1318 1409 550,
1343 1335 1377 1398 C.
1402 1337 1463 1416 Sta
1490 1355 1562 1400 eam

378 1454 454 1500 vero
484 1436 702 1518 quaestionem
730 1433 785 1499 illa
811 1437 851 1500 de
872 1435 1068 1501 timocratiae
1089 1438 1212 1522 origine
1234 1445 1328 1521 atque
1349 1444 1469 1522 natura
1492 1440 1562 1502 fere

378 1536 478 1602 altera
500 1539 548 1602 sui
570 1545 660 1620 parte
682 1536 800 1604 ambitu
822 1546 961 1621 superat.
1005 1542 1055 1604 Ex
1077 1560 1140 1624 qno
1162 1559 1221 1605 nos
1243 1538 1282 1606 de
1304 1540 1434 1606 civitate
1456 1541 1562 1606 inhia

375 1641 575 1727 potissimum
597 1661 775 1706 sermonem
798 1659 867 1706 esse
889 1641 1087 1730 colligimus,
1122 1643 1286 1708 Contraria
1300 1645 1451 1719 hisaunt,
1477 1667 1561 1732 quae

377 1745 486 1809 monet
506 1744 574 1808 Van
595 1747 722 1810 Heusde
744 1744 812 1810 init.
836 1744 913 1827 phil.
935 1744 1011 1810 Plat.
1034 1747 1097 1811 vol.
1119 1747 1173 1810 111.
1196 1766 1228 1832 p.
1255 1749 1345 1813 tta:
1381 1749 1562 1814 «Animad-

377 1849 530 1914 vertimus
550 1847 642 1912 facile
665 1847 698 1914 in
718 1846 858 1933 legendis
879 1847 963 1914 bisce
989 1869 1097 1914 euram
1119 1847 1379 1935 diligentiamque
1402 1850 1559 1922 Platonis,

379 1973 442 2037 qua
463 1953 621 2018 hominem
643 1951 730 2016 illum
753 1951 945 2037 exploravit:
968 1949 1118 2035 idemque
1138 1953 1231 2016 nobis
1253 1955 1415 2038 deinceps,
1440 1957 1504 2020 ubi
1523 1958 1560 2020 de

376 2054 449 2120 riso
470 2053 671 2140 eligarcbico,
695 2053 908 2118 democratico
931 2061 963 2118 et
984 2057 1146 2140 tyrannico
1162 2057 1239 2139 agit,
1263 2057 1443 2141 apparebit.
1484 2062 1561 2122 Erat

378 2157 499 2222 scilicet
525 2159 559 2221 in
588 2155 675 2240 omni
694 2160 753 2221 hac
775 2156 984 2242 disputatione
1005 2157 1153 2243 princeps
1176 2160 1243 2222 eius
1265 2159 1449 2241 consilium,
1480 2182 1557 2237 non,

378 2267 414 2325 ut
441 2258 857 2335 civitatumconditionem,
894 2263 950 2325 sed
980 2270 1015 2326 ut
1041 2260 1180 2341 hominis
1208 2267 1352 2328 naturam
1375 2265 1556 2348 indagaret.

378 2365 456 2430 Inde
479 2366 562 2428 enim
584 2362 720 2428 maxime
738 2351 952 2446 quaestionem
976 2367 1014 2429 de
1035 2363 1211 2430 iustitiaac
1232 2363 1380 2430 felicitate
1396 2367 1559 2452 explican-

352 2544 354 2550 .
380 2466 452 2534 dam
474 2489 543 2532 esse
564 2465 793 2536 arbitrabatur,
834 2467 1065 2534 Attendendum
1085 2476 1190 2533 autem
1212 2466 1305 2532 nobis
1327 2467 1479 2554 inprimis
1502 2480 1556 2546 est,

376 2572 556 2653 respexisse
578 2572 611 2634 in
632 2569 680 2635 bis
702 2569 924 2656 philosophum
939 2573 1136 2654 potissimum
1159 2571 1303 2650 trin‘illa,
1324 2594 1407 2656 quae
1431 2576 1468 2638 in
1493 2578 1559 2639 ani·

378 2693 432 2739 mo
447 2675 582 2740 bominis
596 2683 769 2766 repererat,
792 2669 850 2740 τὸν
864 2668 973 2758 λόγον,
992 2669 1031 2740 ccl
1046 2677 1226 2760 θυμοειδὲς
1237 2685 1268 2740 'et
1282 2677 1414 2741 tertium
1430 2673 1472 2742 τὸ
1494 2676 1559 2744 ἐπι-

380 2769 600 2862 θυμητικόν.»
636 2777 724 2861 Quae
747 2777 773 2839 si
794 2797 870 2842 vera
886 2783 999 2850 essent,
1019 2777 1178 2862 Platonem
1197 2777 1322 2844 diversa
1336 2780 1494 2847 vitiorum
1509 2803 1559 2865 ge·

379 2900 458 2946 nera
480 2885 512 2942 et
525 2878 654 2944 nomina
673 2900 737 2944 non
752 2879 1057 2946 accommodatumm
1072 2879 1168 2946 fuisse
1184 2880 1280 2946 credo
1295 2881 1431 2948 diversis
1448 2903 1557 2950 rerum

379 2981 578 3070 publicarum
592 2975 776 3067 'generibus
799 2981 853 3048 scd
875 2979 1053 3057 virtutibus,
1076 3004 1152 3068 quas
1175 2983 1350 3050 cardinales
1368 2993 1500 3061 vocant,
1523 3007 1559 3050 en

380 3089 516 3160 aduerso
540 3085 774 3152 collocaturum.
807 3084 899 3164 Quod
925 3094 1031 3152 tamen
1052 3085 1168 3153 sactum
1186 3107 1250 3154 non
1265 3096 1322 3156 est.
1355 3091 1437 3152 Nam
1451 3090 1559 3154 omnia

379 3191 432 3258 bic
455 3199 497 3256 ex'
519 3188 696 3275 civitatibus
718 3191 807 3277 quasi
830 3209 980 3272 expressa
1001 3198 1074 3258 sunt
1094 3199 1126 3257 et
1146 3190 1330 3257 timocratici
1352 3192 1487 3276 quidem
1503 3193 1558 3258 viri

379 3300 524 3360 naturam
547 3291 727 3376 describens
744 3293 847 3360 addit:
868 3289 970 3360 Ἔστι
992 3290 1163 3386 palmaque,
1183 3295 1282 3362 τοῦτο
1304 3289 1342 3360 τὸ
1364 3281 1459 3372 ἦθος
1483 3296 1558 3361 ἐκεί-

263 3481 265 3483 ,
379 3423 438 3480 νης
467 3396 525 3478 τῆς
553 3397 729 3475 πολιτείας.
765 3406 796 3462 et
817 3396 851 3465 iu
871 3395 952 3486 fine:
987 3399 1058 3464 Kal
1085 3396 1155 3464 ἔστι
1182 3398 1240 3484 μέν
1268 3422 1321 3483 γε,
1355 3383 1394 3477 ἦν
1423 3392 1457 3464 δ’
1490 3394 1557 3483 ἐγὼ,

379 3500 530 3578 τοιοῦτος
563 3494 581 3566 ὁ
618 3496 850 3588 τιμοκρατικὸς
882 3501 1029 3580 νεανίας,
1062 3500 1100 3594 τῇ
1131 3494 1268 3592 τοιαύτῃ
1300 3494 1395 3566 πόλει
1429 3496 1556 3576 ἐοικώς.

380 3599 480 3674 Πάνυ
501 3611 561 3689 μὲν
583 3588 651 3670 οὖν.
693 3606 880 3670 Praevalere
903 3605 936 3668 in
956 3603 1006 3669 his
1027 3604 1180 3670 rationem
1194 3605 1353 3690 politicam
1369 3605 1449 3668 hacc
1462 3603 1557 3668 etiam

379 3709 493 3774 docere
516 3714 682 3794 poterunt:
715 3710 740 3772 I
744 3693 867 3792 ἰ”γνετοιι
889 3710 925 3773 δέ
945 3703 984 3792 y',
1007 3697 1115 3785 εἶπον,
1132 3697 1236 3783 οὗτος
1258 3696 1320 3772 ὧδέ
1340 3730 1426 3784 πως,
1457 3707 1557 3773 ἐνίοτε

380 3807 506 3900 πατρὸς
535 3806 674 3895 ἀγαθοῦ
702 3806 745 3876 ὢν
765 3812 837 3887 νέος
873 3807 942 3888 υἱὸς
956 3805 1111 3890 ,lv-nolet
1133 3805 1302 3886 οἰκοῦντος
1323 3803 1383 3874 οὐκ
1405 3795 1440 3874 οὗ
1464 3812 1557 3876 πολι·

381 3916 535 4006 τιοομένῃ
557 3938 585 3981 κ.
608 3939 636 3980 τ.
658 3915 698 3993 ἑ.,
731 3912 827 4000 idque
848 3916 1091 4000 exspectandum
1113 3921 1196 3986 erat,
1230 3933 1326 3999 quum
1349 3913 1469 3986 omnis,
1506 3913 1557 3998 qui

379 4019 560 4102 praecessit,
583 4037 687 4084 sermo
709 4017 743 4082 in
763 4016 934 4099 Republica
954 4025 1098 4083 versatus
1121 4016 1173 4094 sit,
1199 4024 1230 4081 et
1247 4020 1328 4094 lianc
1343 4036 1473 4101 quoque
1493 4035 1558 4078 ser-

379 4120 485 4189 monis
517 4125 640 4206 partem
672 4119 706 4184 in
735 4118 906 4204 Republica
934 4122 1055 4186 versari
1080 4121 1180 4204 ipsius
1208 4113 1345 4188 Platonis
1374 4120 1557 4186 testimonio

379 4224 477 4310 paulo
502 4229 574 4292 aute
598 4222 925 4303 demonstraverimus.
951 4225 1042 4300 Valet
1062 4231 1167 4291 umen
1181 4219 1284 4292 'etiam
1310 4226 1388 4297 baec
1411 4227 1451 4288 dc
1466 4223 1559 4286 timo-
