3312 5238
879 383 1110 456 ...got-

405 552 500 636 cs'ov3
521 552 671 620 videlicet
686 544 856 638 maurium
876 544 1021 623 reticem.¹
1043 543 1126 618 'vult
1140 553 1226 618 enim
1240 545 1476 638 priusquama'd
1492 551 1568 620 iusti}

400 658 481 720 tiam
504 659 665 734 accedant,
690 658 730 722 de
749 659 911 740 sapientia,
934 658 1128 722 tortitudine⁴
1141 677 1177 722 ac
1197 659 1404 740 temperantia
1426 661 1568 744 quaestio·
1629 725 1630 736 ,

400 771 478 825 nem
500 761 659 826 institui.»
705 762 742 826 ld
764 763 791 825 si
810 763 916 826 dicere
936 759 1031 828 vellet
1050 763 1152 837 Plato,
1177 760 1253 845 quid
1273 760 1425 826 attinebat
1441 763 1567 844 priorem

404 864 614 948 investigandi
643 866 798 930 rationem
826 869 1098 929 commemorare?
1134 867 1200 930 Nec
1224 866 1257 927 iu
1273 862 1386 930 ‘verbis
1412 868 1568 950 quidquam
1629 893 1630 936 3

399 967 496 1043 inest,
528 985 653 1053 exque
676 969 822 1032 concludi
845 967 956 1050 possit,
989 966 1028 1032 de
1054 967 1234 1050 posteriore
1259 975 1380 1032 tautmn
1403 967 1519 1034 ratione
1537 991 1568 1034 ea

399 1068 609 1153 intelligenda
642 1090 722 1135 esse.
766 1073 803 1134 Iu
837 1091 981 1136 errorem
1011 1069 1157 1136 inductus
1188 1079 1236 1136 est
1269 1073 1490 1137 Stallbaumius
1518 1093 1567 1148 eo,

404 1174 491 1258 quod
515 1174 678 1240 Socratem
700 1176 911 1258 posteriorem
937 1176 1093 1240 rationem
1115 1177 1205 1261 sequi
1218 1174 1316 1240 ¹vidit.
1362 1174 1469 1240 Voluit
1486 1177 1569 1259 igitur

405 1278 552 1342 Socrates
573 1279 786 1361 posteriorem
801 1280 928 1364 quidem
944 1280 1099 1343 rationem
1121 1277 1215 1355 inire,
1244 1281 1328 1364 quod
1352 1282 1468 1343 docere
1487 1279 1569 1344 vellet

396 1380 542 1464 'singulas
565 1382 698 1445 civitatis
723 1389 829 1464 partes
853 1381 981 1466 singulis
999 1371 1169 1447 virtutibus
1190 1381 1400 1469 respondere,
1428 1386 1483 1448 sed
1498 1383 1570 1452 calli·

405 1483 533 1549 dissime
555 1491 690 1569 utroque
714 1487 812 1551 modo
834 1487 984 1550 iustitiam
1011 1487 1145 1571 reperiri
1169 1505 1264 1572 posse
1287 1485 1379 1562 dixit,
1410 1509 1471 1551 nec
1492 1493 1570 1552 antea

367 1645 373 1653 .
400 1585 558 1663 definivit,
584 1608 677 1674 qulam
695 1590 849 1653 rationem
871 1572 966 1674 sequi*
980 1591 1094 1666 vellet,
1121 1611 1155 1654 se
1177 1609 1251 1656 casu
1275 1589 1364 1674 quasi
1383 1592 1420 1654 iu
1441 1593 1500 1654 hac
1518 1592 1571 1655 dis-
1629 1647 1630 1650 ,

406 1689 583 1776 quisitiome·
605 1675 674 1776 regi
702 1691 865 1758 simulans.
909 1696 958 1756 Ita
982 1691 1074 1758 venia
1096 1692 1127 1756 ei
1153 1696 1246 1757 datur
1271 1691 1311 1758 de
1334 1691 1465 1777 reliquis
1487 1695 1571 1759 virtu-
1629 1707 1630 1712 ’

398 1793 489 1860 'tibus
515 1797 548 1858 iu
576 1793 700 1863 civitate
721 1795 901 1882 conspicuis
922 1795 1116 1873 disserendi,
1143 1797 1321 1882 dequibus
1347 1799 1505 1862 disserere
1526 1800 1571 1860 de·

395 1900 502 1964 ⁴behat
525 1907 657 1984 propter
679 1920 792 1964 verum
817 1901 935 1984 dialogi
961 1897 1075 1975 finem,
1103 1901 1261 1965 disserere
1276 1908 1387 1966 'autem
1412 1920 1478 1966 uon
1497 1908 1570 1966 recte

405 2008 540 2088 poterat,
569 2007 595 2067 si
617 2005 644 2068 is
661 2011 745 2070 esset
758 2003 876 2088 dialogi
895 2001 977 2077 finis,
1002 2025 1097 2086 quem
1117 2023 1187 2068 esse
1205 2023 1332 2087 semper
1352 2022 1431 2089 prae
1452 2021 1486 2070 se
1506 2007 1568 2068 fert.
1629 2003 1630 2084 ζ

405 2109 485 2169 Nam
511 2107 588 2189 quid
620 2108 661 2170 ad
691 2107 913 2170 inveniendam
945 2105 1095 2172 iustitiam
1130 2127 1210 2189 opus
1245 2115 1324 2172 erat
1348 2115 1415 2173 tres
1443 2110 1570 2192 reliquas
1629 2089 1630 2112 ¹

402 2209 538 2273 ‘virtutes
563 2209 598 2272 iu
624 2207 750 2273 civitate
775 2211 943 2292 indagare,
976 2211 1031 2274 ubi
1055 2209 1191 2295 reperiri
1214 2231 1278 2276 non
1302 2220 1454 2298 possunt,
1485 2213 1510 2277 si
1531 2211 1571 2276 iu·

406 2301 489 2375 stitia
512 2310 579 2376 sola
598 2331 659 2397 per
680 2332 714 2378 se
737 2314 873 2377 inveniri
894 2311 928 2377 in
953 2315 1058 2377 animo
1081 2319 1208 2396 posset?
1245 2318 1292 2380 Ita
1317 2315 1351 2381 in
1376 2314 1441 2380 his'
1457 2333 1570 2404 quoque

405 2414 600 2481 admirabilis
612 2417 670 2480 illa
684 2436 735 2481 ars
749 2415 867 2501 dialogi
889 2416 1046 2482 condendi
1065 2421 1233 2503 conspicua
1255 2427 1310 2499 cst,
1333 2439 1427 2506 quarn
1448 2439 1569 2505 regnare

404 2519 438 2582 in
463 2521 524 2583 hoc
548 2518 670 2605 dialogo
694 2519 856 2599 videmus;
881 2528 911 2585 et
931 2525 1011 2605 quae
1033 2541 1163 2586 casuac
1182 2524 1313 2588 fortuito
1328 2522 1405 2588 lieri
1419 2523 1568 2598 videntur,

395 2640 445 2686 ea
479 2642 635 2688 summum
665 2626 803 2689 auctoris
833 2623 1001 2690 artificium
1031 2630 1181 2710 produnt.
1227 2627 1331 2703 Quam
1355 2647 1441 2692 vere.
1459 2631 1570 2692 haeca

404 2727 497 2790 uobis
519 2725 734 2809 disputentur,
757 2729 926 2814 praecipue
950 2749 989 2792 eo
1014 2727 1219 2812 intelligitur,
1245 2733 1330 2814 quod
1353 2733 1510 2806 Socrates,
1530 2730 1570 2794 iu·
1629 2747 1630 2777 l

399 2835 500 2894 :venta
525 2830 679 2915 sapientia
702 2837 734 2895 et
757 2833 960 2907 fortitudine,
988 2831 1067 2908 iam,
1098 2836 1224 2897 deserta
1250 2835 1311 2897 hac
1337 2833 1484 2917 longiore
1508 2835 1567 2908 via,

404 2929 444 2995 ad
476 2919 619 3017 priorem
650 2935 711 2996 sihi
741 2933 864 3018 digredi
895 2932 929 2997 in
962 2937 1068 3000 animo
1098 2956 1167 3000 esse
1200 2923 1338 3002 simulat.
1384 2941 1432 3008 Cf.
1454 2959 1486 3025 p.
1507 2940 1568 3002 430.
1629 2987 1630 3000 2

403 3039 442 3100 D.
460 3035 506 3100 St.
536 3035 616 3114 Πῶς
638 3022 697 3102 οὖν
719 3032 759 3103 dv
781 3034 839 3118 τὴν
861 3033 1071 3120 δικαιοσύνην
1092 3029 1248 3128 εὕροιμεν,
1270 3033 1324 3105 ἵνα
1345 3045 1462 3126 μηκέτι
1476 3065 1570 3129 πραγ-

403 3133 632 3226 ματευώμεθα
653 3145 726 3227 περὶ
748 3135 979 3232 cappaciana
999 3144 1025 3206 li
1046 3142 1143 3228 igitur
1164 3144 1219 3228 qui
1241 3143 1431 3210 contrariam
1454 3152 1569 3210 nostrae

403 3245 591 3308 sententiam
613 3243 858 3330 amplectuutur,
890 3247 1013 3329 decepti
1035 3266 1073 3310 eo
1097 3251 1186 3324 eunt,
1218 3247 1304 3332 quod
1325 3248 1490 3314 Platonem
1512 3269 1570 3312 sae

401 3347 474 3432 pius
497 3366 532 3411 se
553 3346 704 3414 iustitiam
733 3367 889 3435 quaerere
920 3347 1078 3414 affirmare
1111 3350 1276 3434 viderunt3
1312 3355 1397 3436 quod
1434 3371 1473 3418 ea
1500 3371 1569 3438 quae

394 3457 578 3538 ‘sequuntur
612 3453 652 3516 ad
682 3451 900 3520 illustrandam
919 3451 1067 3518 ,iustitiae
1104 3459 1264 3520 notionem
1293 3491 1335 3504 -
1365 3458 1453 3540 quod
1490 3459 1570 3522 aliter
1629 3519 1630 3522 ,

321 3601 324 3606 .
402 3557 531 3620 evenire
555 3554 641 3620 nullo
669 3559 766 3621 modo
786 3563 891 3641 potest
904 3591 955 3604 ·-
972 3556 1106 3622 'multum
1127 3560 1309 3636 conferunt3
1345 3566 1376 3623 et
1402 3563 1489 3645 quod
1514 3568 1569 3623 tres

401 3660 542 3744 reliquas
571 3658 703 3724 virtutes
732 3661 765 3724 in
793 3681 892 3726 unum
914 3659 1096 3726 coniunctas
1117 3662 1253 3728 iustitiae
1269 3662 1437 3729 ‘notionem
1465 3661 1570 3730 cousti-

401 3768 493 3828 tuere
514 3762 752 3830 intellexerunt.

620 3955 625 3964 '‘
737 3998 740 4002 ’
839 3997 1023 4062 sucuro
1055 4001 1135 4062 111.

486 4176 627 4242 Primum
647 4175 746 4261 igitur
767 4179 915 4242 Socrates
936 4199 1089 4266 apparere
1106 4181 1182 4246 dicit
1195 4185 1390 4266 sapientiem:
1413 4192 1445 4247 et
1462 4183 1568 4247 mirum

401 4283 477 4370 quid
499 4282 583 4348 circa
603 4301 673 4346 earn
692 4301 728 4346 se
745 4284 923 4348 ostendere.
957 4287 1036 4348 Nam
1051 4284 1223 4368 sapientem
1238 4306 1352 4353 revera
1365 4286 1468 4354 videri
1483 4305 1567 4372 quam
