3312 5238
565 421 776 486 „ffi-

1207 489 1215 530 l

98 581 189 648 monis
210 583 401 647 anfractibus
423 587 605 667 permotus,
630 584 670 650 ed
692 580 760 646 alia
775 581 882 646 omnia
903 577 1103 649 aberrantem
1124 583 1157 647 ln
1180 587 1264 652 vlam

98 689 177 770 quasi
198 686 371 752 reduceret.
411 689 457 751 lta
478 691 558 750 haec
582 705 709 770 quoque
732 688 771 749 ad
785 687 935 750 iustitiam
950 689 1112 769 pertinere
1123 690 1266 754 ¹lectores

96 790 177 854 facile
198 792 258 853 sibi
279 792 467 874 persuaderi
491 792 616 866 sinum,
650 792 840 873 praesertim
870 797 1090 872 exspectantes
1114 796 1265 877 quemad-

97 897 212 957 modum
228 893 275 958 his
289 915 404 959 usurus
419 897 460 958 sit
475 897 622 958 Socrates
637 897 676 958 ad
689 895 913 958 inveniendam
925 895 1076 958 iustitiam
1084 893 1118 978 Ἴ.
1143 888 1265 962 Deinde

96 999 171 1060 canis
199 1005 230 1062 et
250 997 458 1063 adolescentis
481 998 630 1081 generosi
652 1005 797 1062 naturam
820 1017 887 1062 non
907 996 1038 1062 differre
1061 999 1137 1062 dicit
1159 1001 1265 1085 quoad

96 1103 269 1176 custodiam,
293 1110 445 1186 utrosque
468 1104 553 1167 enim
576 1123 665 1166 acres
688 1103 962 1176 adsentiendum,
987 1103 1114 1167 veloces
1136 1107 1176 1168 ad
1194 1124 1268 1187 per-

95 1208 278 1287 sequendum
301 1207 327 1269 si
351 1208 426 1289 quid
450 1207 617 1281 senserint,
641 1207 765 1272 validos
788 1209 827 1269 ad
849 1208 1051 1290 pugnandum
1070 1203 1109 1270 de
1125 1229 1164 1270 eo
1180 1211 1267 1292 quod

95 1317 243 1390 arreptum
267 1312 307 1372 sit
328 1329 401 1373 csse·
421 1313 557 1382 debere·
572 1307 722 1373 et'lortes
746 1305 853 1384 etiam,
879 1313 934 1373 aot
955 1303 1020 1393 μὴν
1043 1303 1194 1396 ἀνδρεῖόν
1215 1337 1263 1396 γε,

95 1413 116 1475 si
135 1410 211 1476 bene
233 1415 402 1498 pugnaturi
425 1415 498 1478 sint.
541 1415 668 1477 Fortem
690 1432 767 1476 vero
783 1431 860 1476 ‘esse
883 1413 1043 1476 neminem
1065 1413 1125 1477 nisi
1147 1417 1201 1499 qui
1225 1417 1266 1479 sit

95 1511 280 1596 θυμοειδής.
325 1519 435 1601 ltaque
468 1517 636 1602 θυμοειδῆ
665 1535 734 1580 esse
765 1518 927 1580 custodem
959 1520 1185 1582 necessarium.
1232 1518 1266 1583 Si

94 1639 160 1684 vero
187 1622 302 1684 lenitas
331 1623 463 1684 deesset
478 1623 642 1684 custodum
666 1622 794 1696 animis,
823 1641 888 1684 non
911 1628 1011 1685 semet
1032 1621 1120 1705 ipsos
1142 1624 1262 1697 solum,

95 1726 141 1787 sed
161 1726 237 1790 alios
262 1726 357 1788 etiam
380 1726 465 1788 cives
488 1725 695 1788 dilaniaturos
718 1745 814 1789 esse:
845 1727 924 1788 Earn
946 1732 1050 1789 tamen
1072 1734 1204 1790 naturae
1218 1727 1267 1789 in*

94 1829 186 1892 dolcm
208 1828 257 1919 τῷ
278 1830 457 1914 θυμοειδεῖ
475 1829 575 1892 videri
599 1847 667 1892 esse
691 1829 892 1892 contrariam.
939 1830 1044 1905 Quum
1058 1830 1102 1892 ita
1117 1823 1266 1894 haereret

93 1933 198 2007 oratio,
227 1939 336 2007 recte,
370 1933 490 2016 inquit,
515 1933 703 2008 haeremus,
734 1933 935 1996 discessimus
950 1933 1043 1996 ¹enirn
1065 1934 1105 1996 elo
1123 1932 1266 2016 imagine

92 2035 255 2117 proposita.
302 2040 381 2100 Nam
411 2055 476 2100 non
505 2035 685 2101 necessario
713 2057 746 2100 ss
774 2037 909 2100 invicem
939 2036 1110 2100 excludere
1132 2037 1189 2101 has
1211 2057 1267 2101 na-

91 2145 166 2203 turae
188 2143 293 2214 dotes,
317 2137 350 2203 id
371 2141 434 2203 iarn
456 2141 488 2204 in
510 2139 641 2204 canibus
662 2142 827 2223 generosis
850 2139 1047 2223 deprehendi
1069 2159 1186 2226 posse,
1212 2141 1266 2224 qui

91 2261 154 2326 erga
180 2265 233 2308 eos
268 2264 347 2327 quos
368 2246 475 2308 norint
504 2241 655 2308 lenlssitni
678 2247 759 2320 sint,
790 2242 978 2308 ferocissimi
1007 2263 1084 2308 vero
1114 2238 1266 2310 adversus

90 2347 210 2429 ignotos.
269 2349 401 2424 Quaerit
428 2347 526 2432 igitur
553 2346 708 2411 debeatne
737 2350 765 2412 is
793 2347 848 2432 qni
876 2351 979 2412 bonus
1009 2355 1114 2412 custos
1142 2346 1266 2413 futurus

90 2448 131 2524 sit,
152 2458 376 2534 praeterquam
399 2450 484 2535 quod
500 2450 540 2515 sit
555 2447 749 2535 θυμοειδὴς,
773 2451 869 2516 etiarn
885 2445 1076 2542 φιλόσοφος
1090 2447 1268 2540 τὴνφύσιν

91 2559 168 2618 osset
202 2557 301 2632 Quod
324 2557 483 2640 quomodo
506 2553 746 2638 intelligendum
769 2561 863 2630 essct,
888 2575 986 2638 quum
1009 2573 1043 2618 se
1065 2575 1129 2619 non
1150 2573 1264 2640 capere

94 2657 197 2722 Glauco
214 2659 355 2723 diceret:
383 2659 506 2722 «Etiam
525 2660 598 2734 hoc,
621 2657 737 2743 inquit,
761 2660 794 2722 in
814 2659 946 2722 canibus
964 2660 1075 2723 videre
1097 2666 1157 2736 est,
1181 2657 1266 2745 quod

94 2762 207 2844 dignum
230 2761 440 2826 admiratione
462 2761 494 2826 in
516 2761 655 2831 animali.
699 2761 801 2839 Quale
823 2763 905 2826 hoc‘l
938 2764 1033 2840 Quod
1056 2783 1151 2848 quem
1174 2763 1268 2846 igno-

93 2869 148 2928 tum
168 2865 301 2940 viderit,
333 2885 429 2949 aegre
450 2865 533 2941 lert,
562 2866 640 2930 nihil
662 2885 736 2930 sane
758 2865 835 2929 mali
856 2871 928 2930 ante
947 2885 1138 2951 ¹perpessus:
1169 2887 1263 2952 quem

93 2988 157 3032 vero
178 2979 305 3045 notum,
337 2969 455 3054 diligit,
487 2971 610 3034 etiamsi
632 2971 711 3034 nihil
733 2958 876 3054 unquam
894 2972 969 3034 ltoni
992 2973 1031 3034 ab
1054 2989 1093 3034 eo
1116 2969 1260 3035 senserit.

92 3071 190 3138 Nonne
211 3074 244 3138 id
259 3075 323 3136 iam
345 3071 517 3141 admiratus
540 3077 598 3137 est·
619 3071 767 3149 Omnino,
793 3073 905 3160 inquit,
930 3072 1032 3137 adhuc
1054 3091 1119 3138 non
1141 3063 1269 3139 adverti
1312 3157 1315 3165 Ι

92 3177 238 3254 animum:
263 3175 350 3260 quod
371 3183 477 3241 autem
499 3175 665 3252 fecithoc,
689 3176 890 3242 manifestum
912 3183 970 3241 est.
1016 3179 1055 3241 lt
1075 3195 1154 3242 vero
1177 3197 1264 3241 com·
1332 3195 1337 3204 ’

91 3283 133 3343 tus
145 3280 270 3345 videtur
285 3277 415 3344 affectus
436 3287 567 3346 naturae
589 3279 658 3345 eius
674 3289 704 3348 ct
718 3299 794 3346 vere
808 3277 1041 3367 philosophus*
1059 3281 1131 3358 Quo
1146 3279 1262 3346 modo‘t

92 3381 257 3460 Quatenus,
292 3383 441 3468 inquam,
473 3381 587 3449 facicm
613 3384 699 3449 nulla
727 3383 854 3468 aliare
885 3383 1017 3449 amicam
1045 3390 1076 3450 et
1102 3383 1262 3448 inimicam

91 3486 259 3572 distinguit,
290 3506 384 3573 quarn
407 3507 462 3564 ea,
489 3485 575 3574 quod
596 3489 726 3554 alteram
748 3488 833 3553 norit
854 3491 985 3554 alteram
1006 3488 1142 3572 ignoret.
1173 3490 1258 3565 *Quo

90 3589 174 3656 modo
204 3613 284 3657 vero
314 3594 511 3680 φιλομαθὲς
538 3609 602 3656 non
633 3592 688 3668 sit,
721 3597 805 3679 qnod
829 3592 1008 3676 cognitione
1032 3599 1064 3656 et
1085 3594 1262 3676 ignorantia

91 3693 249 3780 distinguat
278 3698 363 3781 quod
382 3693 546 3783 ‘familiare
575 3695 615 3760 sit
643 3693 682 3760 ab
713 3698 838 3761 alieno‘l
874 3695 961 3761 Fieri
982 3715 1046 3764 non
1067 3701 1188 3782 potest,
1212 3695 1260 3760 in-

90 3796 161 3879 quit,
185 3807 306 3864 utnon
329 3798 378 3864 sit.
423 3801 579 3874 atvero,
602 3799 730 3886 inquam
754 3820 830 3884 ego,
858 3793 903 3864 cd
934 3823 976 3883 ys
1004 3803 1258 3890 φιλομαθὲς

89 3905 137 3964 καὶ
157 3897 348 3992 φιλόσοφον
369 3902 475 3968 idem‘t
498 3893 587 3968 Idem
602 3923 692 3978 vero,
716 3903 830 3990 inquit.
876 3905 985 3987 Itaque
1000 3921 1064 3967 non
1079 3902 1257 3968 dubitantes

89 4019 242 4084 ponamus,
265 4005 358 4070 ctiam
380 4006 413 4072 in
434 4005 575 4083 homine,
598 4006 625 4071 si
647 4010 798 4072 adversus
818 4005 990 4072 familiares
1013 4013 1045 4070 et
1066 4013 1158 4071 notos
1172 4009 1257 4071 mitis

88 4102 203 4175 tuturus
222 4109 265 4174 sit
284 4114 407 4186 notura,
433 4105 624 4201 φιλόσοφον
641 4115 697 4175 καὶ
713 4101 1016 4202 φιλομαθῆἰρειιω
1031 4107 1148 4176 debere
1164 4115 1255 4175 esset

152 4301 755 4395 mmmmmmfflmc
