3312 5238
403 527 501 588 trem·-
516 524 549 585 et
568 517 744 597 bubicem,
775 523 810 586 et
832 519 974 608 reliquos
999 523 1085 588 eires
1105 539 1167 608 pro
1187 521 1343 589 iratribus
1362 529 1452 590 terrae
1469 525 1566 609 genitis

402 623 536 695 bebere.
579 627 658 690 Esse
677 625 774 710 igitur
791 621 917 702 iratres,
940 628 1037 692 deum
1051 645 1142 694 sero
1163 627 1296 712 quises
1318 625 1453 714 lingeret
1470 649 1566 696 eorum

402 731 518 797 enirnls
539 730 593 814 qni
616 732 656 794 ad
681 720 852 817 imperiumn
875 728 941 817 opti
965 737 1072 795 esseut
1096 748 1209 796 aurum
1229 729 1447 809 admiscuisse,
1472 753 1570 816 argen-

402 841 472 901 tum
492 831 654 909 militibus,
679 831 805 903 serrum
820 841 852 900 et
875 855 930 899 aes
956 834 1105 918 agricolis
1128 842 1161 900 et
1185 834 1334 919 opificum
1355 838 1442 902 ornni
1458 837 1567 922 generi.

402 938 510 1015 ocum
537 955 614 1003 vero
641 956 752 1004 omnes
778 939 920 1003 eiusdem
945 939 1071 1022 generis
1096 940 1176 1016 sint,
1213 937 1301 1016 lieri,
1334 946 1371 1004 ut
1396 938 1570 1026 plerunque

401 1040 531 1126 quidem
556 1039 618 1106 sibi
644 1040 762 1106 similes
791 1049 980 1127 procreent,
1012 1041 1172 1108 interdum
1201 1063 1279 1110 sero
1305 1063 1346 1108 ex
1371 1062 1471 1108 aeneo
1495 1043 1571 1108 nasci

401 1153 587 1230 argenteum
607 1151 639 1210 ct
664 1140 879 1230 cx'argentec
900 1165 1051 1223 numum,
1084 1145 1271 1233 reliquaque
1290 1148 1399 1212 omnia
1422 1146 1467 1212 ita
1487 1167 1526 1212 ex
1545 1167 1572 1212 sc

399 1247 522 1320 mutuo.
566 1237 912 1334 Magistratibusigitur
930 1251 1118 1336 praecipere
1134 1253 1243 1330 deum,
1263 1257 1299 1316 ut
1321 1272 1388 1315 non
1407 1249 1501 1318 uliam
1513 1269 1571 1316 ren

400 1353 583 1439 diligentius
615 1361 748 1431 curent,
786 1375 880 1440 quam
914 1357 991 1440 quid
1022 1357 1137 1420 barum
1157 1370 1269 1420 rerum
1297 1355 1414 1420 animis
1438 1362 1572 1420 natorum

400 1459 569 1524 admistum
598 1458 649 1524 sit.
694 1459 779 1523 Aere
802 1459 955 1544 terreque
976 1459 1170 1524 intermistos
1190 1459 1429 1545 protrudendos
1450 1479 1518 1524 esse
1539 1459 1573 1522 ad

400 1561 555 1646 agricolas
576 1568 610 1627 et
631 1559 772 1646 opifices.
816 1565 849 1628 Si
872 1581 952 1630 vero
975 1581 1015 1628 ex
1040 1564 1090 1628 bis
1114 1563 1186 1648 quis
1209 1583 1290 1628 euro
1316 1569 1511 1648 argentoque
1533 1564 1573 1626 in·

396 1667 561 1732 termissus
589 1673 681 1732 nstus
706 1664 815 1744 luerit,
841 1685 914 1734 eum
938 1669 1138 1737 educentium
1162 1686 1243 1743 esse,
1272 1674 1304 1732 et
1324 1665 1377 1732 rel
1398 1669 1483 1732 inter
1501 1682 1573 1732 suun·

396 1786 469 1836 mos
490 1767 687 1855 reipublicae
711 1773 928 1857 magistratus,
950 1767 1099 1838 rellnter
1113 1769 1476 1855 milites‘recipiendun.
1506 1773 1573 1835 Nan

399 1894 471 1941 esse
494 1877 617 1943 oraculi
641 1893 842 1962 responsum,
869 1882 937 1942 tnm
954 1869 1161 1944 ¹interituram
1182 1873 1342 1940 civitatem
1368 1875 1396 1942 si
1418 1875 1505 1942 ferro
1529 1878 1573 1938 aut

399 1996 476 2046 aere
500 1975 669 2044 intermisti
693 1979 889 2066 reipublicae
912 1976 1127 2064 gubernacula
1146 1985 1283 2048 teneant.

485 2085 589 2160 Quam
614 2081 755 2148 fabulam
782 2101 880 2168 quum
900 2085 1103 2156 narravisset,
1127 2083 1277 2152 Socrates
1293 2083 1337 2147 its
1352 2084 1476 2168 pergit:
1501 2082 1574 2148 «Nos

397 2205 470 2253 cero
492 2187 547 2250 locs
571 2207 587 2251 e
610 2195 696 2251 terro
722 2196 810 2252 satos
836 2194 991 2254 emmeles
1010 2188 1233 2271 prodessemus,
1267 2184 1456 2254 ducentibus
1487 2186 1575 2269 magi·

398 2289 570 2361 stratibus:
594 2288 733 2374 proiecti
763 2310 841 2356 vero
872 2288 1002 2356 vidento
1029 2309 1093 2377 quo
1117 2289 1189 2356 loco
1216 2285 1306 2356 urbis
1331 2291 1464 2372 optime,
1481 2299 1575 2356 costra

392 2404 565 2483 poscamr,
595 2395 681 2460 unde
709 2413 781 2458 cum
806 2413 865 2460 eos
893 2395 948 2479 qni
979 2393 1062 2460 intus
1089 2394 1150 2459 sint
1177 2393 1314 2460 maxime
1339 2391 1527 2468 cohibeant,
1553 2390 1575 2454 si

397 2502 470 2586 quis
483 2499 562 2566 nolit
574 2496 697 2584 legibus
710 2517 838 2584 parere,
860 2507 925 2563 tum
945 2519 1007 2576 eos,
1030 2499 1084 2584 qui
1105 2506 1212 2574 estre,
1236 2495 1576 2581 prepotestatem

396 2607 492 2670 vetuti
515 2607 604 2688 lepus
626 2604 666 2668 ad
693 2603 843 2668 stabolum
865 2605 933 2687 quis
957 2611 1016 2670 cot.
1043 2595 1177 2669 'Caere
1193 2621 1266 2667 cero
1289 2604 1403 2684 positis
1417 2609 1465 2666 et
1489 2597 1574 2665 sacri·

399 2707 473 2778 licio
495 2708 556 2774 rite
579 2713 721 2792 peracte,
749 2702 866 2772 cubilia
886 2703 1037 2773 laciunto.
1080 2710 1214 2773 Nonne?
1242 2703 1302 2782 lta,
1324 2704 1445 2792 inquit,
1474 2707 1576 2769 Nonne

398 2811 475 2878 talia
511 2820 594 2896 q'nae
629 2818 661 2876 et
692 2809 796 2876 bieme
827 2816 935 2895 tegent
964 2817 998 2876 et
1032 2817 1150 2876 aestate
1181 2807 1361 2877 sufficienti
1406 2810 1484 2874 Cur:
1503 2808 1575 2874 nont

396 2915 567 2984 llomicilie
592 2917 687 2992 enim,
712 2913 827 3002 inquit,
850 2915 929 2980 mibi
946 2908 1066 2981 videris
1080 2910 1210 2982 dicere.
1251 2915 1341 2991 Sene,
1367 2915 1507 2998 tegetem,
1527 2910 1576 2974 mt-

396 3021 514 3098 lltsrs‘a,
536 3021 586 3086 sed
603 3021 742 3105 quaestui
761 3039 828 3084 coes
840 3028 925 3104 apsa,
955 3005 1037 3097 'Qua
1051 3037 1104 3096 ¹re,
1130 3017 1245 3104 iuquit,
1273 3019 1334 3082 boc
1353 3014 1435 3082 dicis
1453 3015 1577 3082 differre

399 3123 441 3192 ab
466 3127 556 3191 istot
587 3125 656 3210 Ego
670 3121 746 3201 tibi,
776 3122 923 3209 inquam,
947 3120 1089 3188 conabor
1115 3123 1230 3189 dicere.
1274 3119 1577 3186 Periculosissimnnr

402 3229 505 3307 enim,
542 3230 691 3317 inquam,
727 3234 759 3292 ct
783 3226 1001 3312 turpissimum
1025 3224 1193 3312 gregibus,
1229 3224 1308 3291 tales
1335 3226 1442 3290 etita
1464 3221 1578 3290 nutrire

401 3350 506 3409 canes,
536 3334 590 3418 qul
612 3330 730 3398 auxilio
741 3326 810 3396 sint
826 3328 986 3418 gregibus,
1007 3338 1053 3408 ut,
1074 3337 1207 3416 propter
1221 3326 1382 3396 lasciviam
1397 3326 1454 3395 vel
1469 3327 1578 3392 tamen

399 3437 452 3505 vel
473 3438 567 3504 eliam
588 3436 771 3522 quampiam
791 3433 906 3501 malam
929 3436 1200 3512 consuetudinem,
1227 3435 1290 3520 ipsi
1311 3450 1409 3498 cases
1430 3435 1579 3498 conentur

400 3563 477 3610 oves
499 3539 646 3618 laedere,
676 3547 708 3607 et
728 3557 789 3625 pro
811 3541 942 3628 canibus
968 3539 1051 3623 lupis
1076 3536 1195 3604 similes
1215 3535 1296 3602 fieri.
1339 3535 1576 3605 Periculosum,

397 3646 519 3734 inquit:
550 3663 610 3712 our
634 3649 722 3710 bont
764 3645 866 3729 Igitur
890 3645 1064 3709 cavendum
1088 3640 1175 3708 omni
1199 3639 1314 3717 molo,
1346 3661 1389 3707 ne
1417 3639 1485 3706 tale
1510 3635 1579 3722 quil

399 3751 493 3816 uobis
518 3748 676 3816 auxiliarii
698 3746 814 3814 fociant
836 3751 987 3814 adversus
1002 3748 1107 3824 cives,
1136 3765 1234 3831 quum
1249 3741 1439 3828 superiores
1455 3745 1496 3810 iis
1511 3743 1576 3814 sint,

400 3871 462 3938 pro
484 3855 580 3920 sociis
592 3852 756 3922 benevolis
771 3850 908 3918 dominis
920 3849 1081 3917 ferocibus
1099 3847 1217 3916 similes
1231 3851 1417 3918 reddantur.
1466 3848 1580 3913 Ceven-

400 3957 494 4035 dum,
526 3955 639 4042 inquit.
682 3958 783 4042 Igitur
809 3956 947 4022 maxima
971 3952 1112 4021 adbibita
1143 3959 1226 4021 esset
1253 3953 1374 4030 carnio,
1408 3953 1440 4017 si
1473 3962 1580 4017 revers

397 4057 482 4128 bene
496 4063 620 4126 educati
641 4061 714 4126 sint.
759 4063 839 4127 Sunt
857 4079 946 4139 vero,
974 4057 1087 4145 inquit.
1129 4059 1175 4125 Et
1195 4079 1259 4144 ego,
1287 4053 1324 4123 id
1341 4075 1427 4134 osro,
1449 4056 1579 4139 ingeram

398 4185 461 4232 noc
482 4165 562 4230 decet
589 4183 779 4244 asseverare,
810 4186 829 4230 o
854 4167 949 4231 omiss
976 4165 1111 4230 Glcssco:
1139 4163 1218 4246 pred
1242 4181 1313 4228 cero
1334 4161 1425 4227 modo
1446 4159 1579 4226 eineres

397 4272 487 4348 mest,
509 4269 613 4338 dotem
632 4271 674 4336 tis
692 4261 863 4355 mingere
886 4278 1001 4337 ramam
1023 4268 1243 4348 edccwwcess,
1271 4284 1471 4378 qccemscque
1490 4265 1579 4330 sit-
