<?xml version="1.0" encoding="UTF-8"?>
<!DOCTYPE html PUBLIC "-//W3C//DTD XHTML 1.0 Transitional//EN"
    "http://www.w3.org/TR/xhtml1/DTD/xhtml1-transitional.dtd">
<html xmlns="http://www.w3.org/1999/xhtml" xml:lang="en" lang="en">
 <head>
  <title>
</title>
<meta http-equiv="Content-Type" content="text/html;charset=utf-8" />
  <meta name='ocr-system' content='tesseract 3.04.00' />
  <meta name='ocr-capabilities' content='ocr_page ocr_carea ocr_par ocr_line ocrx_word'/>
</head>
<body>
  <div class='ocr_page' id='page_1' title='image "./prolegomenaadpl00rettgoog_0188.png"; bbox 0 0 3298 5232; ppageno 0'>
   <div class='ocr_carea' id='block_1_1' title="bbox 547 397 787 462">
    <p class='ocr_par' dir='ltr' id='par_1_1' title="bbox 547 397 787 462">
     <span class='ocr_line' id='line_1_1' title="bbox 547 397 787 462; baseline -0.008 -12"><span class='ocrx_word' id='word_1_1' title='bbox 547 429 598 450; x_wconf 88' lang='lat'>....</span> <span class='ocrx_word' id='word_1_2' title='bbox 641 397 702 462; x_wconf 78' lang='lat'><strong><em>161</em></strong></span> <span class='ocrx_word' id='word_1_3' title='bbox 735 429 787 448; x_wconf 73' lang='lat'><strong><em>..-</em></strong></span> 
     </span>
    </p>
   </div>
   <div class='ocr_carea' id='block_1_2' title="bbox 73 543 1262 4447">
    <p class='ocr_par' dir='ltr' id='par_1_2' title="bbox 73 543 1262 4447">
     <span class='ocr_line' id='line_1_2' title="bbox 74 543 1258 644; baseline 0 -26"><span class='ocrx_word' id='word_1_4' title='bbox 74 575 155 644; x_wconf 85' lang='grc' dir='ltr'><strong><em>ρον</em></strong></span> <span class='ocrx_word' id='word_1_5' title='bbox 176 552 307 620; x_wconf 81' lang='grc' dir='ltr'><strong><em>κακῶν</em></strong></span> <span class='ocrx_word' id='word_1_6' title='bbox 329 544 570 620; x_wconf 90' lang='grc' dir='ltr'><strong><em>παύσονται</em></strong></span> <span class='ocrx_word' id='word_1_7' title='bbox 591 577 634 618; x_wconf 92' lang='grc' dir='ltr'><strong><em>αι</em></strong></span> <span class='ocrx_word' id='word_1_8' title='bbox 625 546 815 634; x_wconf 52' lang='grc' dir='ltr'><strong><em>πόλεις,</em></strong></span> <span class='ocrx_word' id='word_1_9' title='bbox 843 553 940 640; x_wconf 83' lang='grc' dir='ltr'><strong><em>πρὶν</em></strong></span> <span class='ocrx_word' id='word_1_10' title='bbox 966 544 1015 620; x_wconf 89' lang='lat'><strong><em>66</em></strong></span> <span class='ocrx_word' id='word_1_11' title='bbox 1041 549 1081 620; x_wconf 84' lang='lat'><strong><em>66</em></strong></span> <span class='ocrx_word' id='word_1_12' title='bbox 1109 543 1258 630; x_wconf 82' lang='grc' dir='ltr'><strong><em>αῦταῖς</em></strong></span> 
     </span>
     <span class='ocr_line' id='line_1_3' title="bbox 74 648 1259 784; baseline 0.002 -62"><span class='ocrx_word' id='word_1_13' title='bbox 74 660 115 722; x_wconf 86' lang='grc' dir='ltr'><strong><em>οἱ</em></strong></span> <span class='ocrx_word' id='word_1_14' title='bbox 138 651 383 748; x_wconf 84' lang='grc' dir='ltr'><strong><em>φιλόσοφοι</em></strong></span> <span class='ocrx_word' id='word_1_15' title='bbox 404 651 593 744; x_wconf 81' lang='grc' dir='ltr'><strong><em>ἄρξωσιν,</em></strong></span> <span class='ocrx_word' id='word_1_16' title='bbox 616 648 685 734; x_wconf 85' lang='grc' dir='ltr'><strong><em>οῦς</em></strong></span> <span class='ocrx_word' id='word_1_17' title='bbox 707 650 947 744; x_wconf 75' lang='grc' dir='ltr'><strong><em>ἀχρήστους</em></strong></span> <span class='ocrx_word' id='word_1_18' title='bbox 968 649 1259 784; x_wconf 80' lang='grc' dir='ltr'><strong><em>ὁμολογρῦμεν</em></strong></span> 
     </span>
     <span class='ocr_line' id='line_1_4' title="bbox 74 743 1258 852; baseline 0 -26"><span class='ocrx_word' id='word_1_19' title='bbox 74 755 231 839; x_wconf 82' lang='grc' dir='ltr'><strong><em>αὐταῖς</em></strong></span> <span class='ocrx_word' id='word_1_20' title='bbox 253 750 385 828; x_wconf 87' lang='grc' dir='ltr'><strong><em>εἶναι.</em></strong></span> <span class='ocrx_word' id='word_1_21' title='bbox 410 760 460 824; x_wconf 80' lang='grc' dir='ltr'><strong><em>λδ</em></strong></span> <span class='ocrx_word' id='word_1_22' title='bbox 478 758 562 826; x_wconf 78' lang='lat' dir='ltr'><strong>haec</strong></span> <span class='ocrx_word' id='word_1_23' title='bbox 581 761 747 827; x_wconf 72' lang='lat' dir='ltr'><strong>Soctates.</strong></span> <span class='ocrx_word' id='word_1_24' title='bbox 777 754 942 851; x_wconf 81' lang='grc' dir='ltr'><strong><em>Ερωτᾷς,</em></strong></span> <span class='ocrx_word' id='word_1_25' title='bbox 965 743 1101 842; x_wconf 78' lang='lat'><em>666³</em></span> <span class='ocrx_word' id='word_1_26' title='bbox 1086 754 1157 846; x_wconf 87' lang='grc' dir='ltr'><strong><em>εγῶ,</em></strong></span> <span class='ocrx_word' id='word_1_27' title='bbox 1179 754 1258 852; x_wconf 81' lang='grc' dir='ltr'><strong><em>ἐρῶ-Ι</em></strong></span> 
     </span>
     <span class='ocr_line' id='line_1_5' title="bbox 73 856 1257 953; baseline 0 -23"><span class='ocrx_word' id='word_1_28' title='bbox 73 887 170 950; x_wconf 92' lang='grc' dir='ltr'><strong><em>τημα</em></strong></span> <span class='ocrx_word' id='word_1_29' title='bbox 198 857 397 951; x_wconf 75' lang='grc' dir='ltr'><strong><em>δεόμενον’</em></strong></span> <span class='ocrx_word' id='word_1_30' title='bbox 378 863 579 953; x_wconf 83' lang='grc' dir='ltr'><strong><em>αποκρίσεως</em></strong></span> <span class='ocrx_word' id='word_1_31' title='bbox 606 858 646 930; x_wconf 83' lang='grc' dir='ltr'><strong><em>δι’</em></strong></span> <span class='ocrx_word' id='word_1_32' title='bbox 675 856 799 941; x_wconf 81' lang='grc' dir='ltr'><strong><em>εἰκόνος</em></strong></span> <span class='ocrx_word' id='word_1_33' title='bbox 828 865 1012 951; x_wconf 78' lang='grc' dir='ltr'><strong><em>λεγομένης.</em></strong></span> <span class='ocrx_word' id='word_1_34' title='bbox 1053 860 1110 932; x_wconf 83' lang='grc' dir='ltr'><strong><em>Σύ</em></strong></span> <span class='ocrx_word' id='word_1_35' title='bbox 1140 865 1177 930; x_wconf 87' lang='grc' dir='ltr'><strong><em>δέ</em></strong></span> <span class='ocrx_word' id='word_1_36' title='bbox 1203 887 1257 951; x_wconf 87' lang='grc' dir='ltr'><strong><em>γε,</em></strong></span> 
     </span>
     <span class='ocr_line' id='line_1_6' title="bbox 75 956 1258 1087; baseline 0 -53"><span class='ocrx_word' id='word_1_37' title='bbox 75 967 163 1059; x_wconf 79' lang='grc' dir='ltr'><strong><em>ἐφη,</em></strong></span> <span class='ocrx_word' id='word_1_38' title='bbox 184 957 294 1053; x_wconf 86' lang='grc' dir='ltr'><strong><em>οἶμαι,</em></strong></span> <span class='ocrx_word' id='word_1_39' title='bbox 317 961 376 1034; x_wconf 87' lang='grc' dir='ltr'><strong><em>οῦκ</em></strong></span> <span class='ocrx_word' id='word_1_40' title='bbox 398 967 526 1044; x_wconf 86' lang='grc' dir='ltr'><strong><em>εἴωθας</em></strong></span> <span class='ocrx_word' id='word_1_41' title='bbox 547 962 586 1034; x_wconf 76' lang='grc' dir='ltr'><strong><em>δι’</em></strong></span> <span class='ocrx_word' id='word_1_42' title='bbox 612 961 743 1035; x_wconf 84' lang='grc' dir='ltr'><strong><em>εἰκόνων</em></strong></span> <span class='ocrx_word' id='word_1_43' title='bbox 764 969 880 1052; x_wconf 79' lang='grc' dir='ltr'><strong><em>λέγειν.</em></strong></span> <span class='ocrx_word' id='word_1_44' title='bbox 924 956 1017 1049; x_wconf 83' lang='grc' dir='ltr'><strong><em>Εἶεν,</em></strong></span> <span class='ocrx_word' id='word_1_45' title='bbox 1040 957 1144 1087; x_wconf 72' lang='grc' dir='ltr'><strong><em>εἶπον·</em></strong></span> <span class='ocrx_word' id='word_1_46' title='bbox 1165 961 1258 1036; x_wconf 86' lang='grc' dir='ltr'><strong><em>σκῶ-</em></strong></span> 
     </span>
     <span class='ocr_line' id='line_1_7' title="bbox 74 1060 1256 1189; baseline 0.001 -51"><span class='ocrx_word' id='word_1_47' title='bbox 74 1095 171 1148; x_wconf 85' lang='grc' dir='ltr'><strong><em>πτεις</em></strong></span> <span class='ocrx_word' id='word_1_48' title='bbox 193 1065 398 1158; x_wconf 81' lang='grc' dir='ltr'><strong><em>ἐμβεβληκός</em></strong></span> <span class='ocrx_word' id='word_1_49' title='bbox 425 1094 469 1189; x_wconf 79' lang='grc' dir='ltr'><strong><em>με</em></strong></span> <span class='ocrx_word' id='word_1_50' title='bbox 495 1065 541 1148; x_wconf 87' lang='grc' dir='ltr'><strong><em>εἰς</em></strong></span> <span class='ocrx_word' id='word_1_51' title='bbox 562 1064 663 1155; x_wconf 85' lang='grc' dir='ltr'><strong><em>λόγον</em></strong></span> <span class='ocrx_word' id='word_1_52' title='bbox 685 1060 770 1138; x_wconf 84' lang='grc' dir='ltr'><strong><em>οῦτω</em></strong></span> <span class='ocrx_word' id='word_1_53' title='bbox 793 1063 1126 1188; x_wconf 51' lang='lat' dir='ltr'><em>666666666606N</em></span> <span class='ocrx_word' id='word_1_54' title='bbox 1102 1095 1201 1138; x_wconf 87' lang='grc' dir='ltr'><strong><em>ακονι</em></strong></span> <span class='ocrx_word' id='word_1_55' title='bbox 1223 1064 1256 1138; x_wconf 90' lang='grc' dir='ltr'><strong><em>δ</em></strong></span> 
     </span>
     <span class='ocr_line' id='line_1_8' title="bbox 76 1165 1258 1268; baseline 0.002 -26"><span class='ocrx_word' id='word_1_56' title='bbox 76 1173 141 1242; x_wconf 83' lang='grc' dir='ltr'><strong><em>οῦν</em></strong></span> <span class='ocrx_word' id='word_1_57' title='bbox 162 1175 220 1256; x_wconf 83' lang='grc' dir='ltr'><strong><em>τής</em></strong></span> <span class='ocrx_word' id='word_1_58' title='bbox 240 1169 374 1253; x_wconf 80' lang='grc' dir='ltr'><strong><em>εἰκόνος,</em></strong></span> <span class='ocrx_word' id='word_1_59' title='bbox 396 1167 434 1240; x_wconf 88' lang='lat'><strong><em>66’</em></strong></span> <span class='ocrx_word' id='word_1_60' title='bbox 458 1172 506 1240; x_wconf 82' lang='grc' dir='ltr'><strong><em>ἔτι</em></strong></span> <span class='ocrx_word' id='word_1_61' title='bbox 525 1172 656 1257; x_wconf 83' lang='grc' dir='ltr'><strong><em>μάλλον</em></strong></span> <span class='ocrx_word' id='word_1_62' title='bbox 678 1167 803 1268; x_wconf 73' lang='grc' dir='ltr'><strong><em>ἴδης,&lt;</em></strong></span> <span class='ocrx_word' id='word_1_63' title='bbox 781 1199 824 1252; x_wconf 85' lang='lat'><strong><em>69</em></strong></span> <span class='ocrx_word' id='word_1_64' title='bbox 844 1173 1004 1265; x_wconf 69' lang='grc' dir='ltr'><strong><em>γλίσχρως</em></strong></span> <span class='ocrx_word' id='word_1_65' title='bbox 1025 1168 1150 1256; x_wconf 83' lang='grc' dir='ltr'><strong><em>εἰκάζω.</em></strong></span> <span class='ocrx_word' id='word_1_66' title='bbox 1171 1165 1258 1244; x_wconf 78' lang='grc' dir='ltr'><strong><em>ούτιν</em></strong></span> 
     </span>
     <span class='ocr_line' id='line_1_9' title="bbox 76 1269 1257 1368; baseline 0 -22"><span class='ocrx_word' id='word_1_67' title='bbox 76 1274 146 1368; x_wconf 83' lang='grc' dir='ltr'><strong><em>γὰρ</em></strong></span> <span class='ocrx_word' id='word_1_68' title='bbox 166 1273 309 1366; x_wconf 78' lang='grc' dir='ltr'><strong><em>χαλεπὸν</em></strong></span> <span class='ocrx_word' id='word_1_69' title='bbox 331 1269 508 1354; x_wconf 84' lang='grc' dir='ltr'><strong><em>τὸπάθος</em></strong></span> <span class='ocrx_word' id='word_1_70' title='bbox 531 1277 595 1342; x_wconf 92' lang='grc' dir='ltr'><strong><em>τῶν</em></strong></span> <span class='ocrx_word' id='word_1_71' title='bbox 615 1271 876 1359; x_wconf 86' lang='grc' dir='ltr'><strong><em>ἐπιεικεστάτων,</em></strong></span> <span class='ocrx_word' id='word_1_72' title='bbox 907 1270 926 1343; x_wconf 87' lang='lat'><strong><em>6</em></strong></span> <span class='ocrx_word' id='word_1_73' title='bbox 953 1272 1037 1364; x_wconf 86' lang='grc' dir='ltr'><strong><em>πρὸς</em></strong></span> <span class='ocrx_word' id='word_1_74' title='bbox 1064 1274 1134 1357; x_wconf 79' lang='lat'><strong><em>669</em></strong></span> <span class='ocrx_word' id='word_1_75' title='bbox 1145 1273 1257 1360; x_wconf 79' lang='grc' dir='ltr'><strong><em>πόλεις</em></strong></span> 
     </span>
     <span class='ocr_line' id='line_1_10' title="bbox 77 1370 1259 1465; baseline 0 -15"><span class='ocrx_word' id='word_1_76' title='bbox 77 1375 304 1461; x_wconf 71' lang='grc' dir='ltr'><strong><em>πεπόνθασιν,</em></strong></span> <span class='ocrx_word' id='word_1_77' title='bbox 326 1370 398 1448; x_wconf 78' lang='grc' dir='ltr'><strong><em>ὥστ’</em></strong></span> <span class='ocrx_word' id='word_1_78' title='bbox 422 1377 494 1448; x_wconf 86' lang='grc' dir='ltr'><strong><em>οῦδ</em></strong></span> <span class='ocrx_word' id='word_1_79' title='bbox 519 1379 608 1446; x_wconf 83' lang='grc' dir='ltr'><strong><em>ἔστιν</em></strong></span> <span class='ocrx_word' id='word_1_80' title='bbox 628 1371 664 1448; x_wconf 82' lang='lat'><strong><em>‘66</em></strong></span> <span class='ocrx_word' id='word_1_81' title='bbox 686 1374 781 1448; x_wconf 77' lang='grc' dir='ltr'><strong><em>οῦδὲν</em></strong></span> <span class='ocrx_word' id='word_1_82' title='bbox 802 1376 886 1448; x_wconf 85' lang='grc' dir='ltr'><strong><em>ἀλλο</em></strong></span> <span class='ocrx_word' id='word_1_83' title='bbox 907 1382 1059 1449; x_wconf 88' lang='grc' dir='ltr'><strong><em>τοιοῦτον</em></strong></span> <span class='ocrx_word' id='word_1_84' title='bbox 1075 1378 1259 1465; x_wconf 83' lang='grc' dir='ltr'><strong><em>πεπονθὸς,</em></strong></span> 
     </span>
     <span class='ocr_line' id='line_1_11' title="bbox 78 1479 1260 1613; baseline 0.001 -61"><span class='ocrx_word' id='word_1_85' title='bbox 78 1479 168 1566; x_wconf 74' lang='grc' dir='ltr'><strong><em>ἀλλὰ</em></strong></span> <span class='ocrx_word' id='word_1_86' title='bbox 200 1485 292 1554; x_wconf 85' lang='grc' dir='ltr'><strong><em>δεῖ</em></strong></span> <span class='ocrx_word' id='word_1_87' title='bbox 276 1509 315 1553; x_wconf 85' lang='grc' dir='ltr'><strong><em>εκ</em></strong></span> <span class='ocrx_word' id='word_1_88' title='bbox 335 1484 465 1552; x_wconf 88' lang='grc' dir='ltr'><strong><em>πολλῶν</em></strong></span> <span class='ocrx_word' id='word_1_89' title='bbox 486 1479 569 1552; x_wconf 82' lang='grc' dir='ltr'><strong><em>αὐτὸ</em></strong></span> <span class='ocrx_word' id='word_1_90' title='bbox 590 1483 783 1570; x_wconf 80' lang='grc' dir='ltr'><strong><em>ξυναγαγειν</em></strong></span> <span class='ocrx_word' id='word_1_91' title='bbox 803 1479 975 1566; x_wconf 84' lang='grc' dir='ltr'><strong><em>εἰκάζοντα</em></strong></span> <span class='ocrx_word' id='word_1_92' title='bbox 997 1489 1052 1552; x_wconf 84' lang='grc' dir='ltr'><strong><em>καὶ</em></strong></span> <span class='ocrx_word' id='word_1_93' title='bbox 1071 1479 1260 1613; x_wconf 69' lang='grc' dir='ltr'><strong><em>ἀπολογού-</em></strong></span> 
     </span>
     <span class='ocr_line' id='line_1_12' title="bbox 77 1579 1261 1708; baseline 0 -50"><span class='ocrx_word' id='word_1_94' title='bbox 77 1613 203 1677; x_wconf 84' lang='grc' dir='ltr'><strong><em>μενον</em></strong></span> <span class='ocrx_word' id='word_1_95' title='bbox 200 1583 286 1706; x_wconf 79' lang='grc' dir='ltr'><strong><em>ύπέρ</em></strong></span> <span class='ocrx_word' id='word_1_96' title='bbox 314 1582 436 1666; x_wconf 83' lang='grc' dir='ltr'><strong><em>αὐτῶν,</em></strong></span> <span class='ocrx_word' id='word_1_97' title='bbox 463 1579 534 1654; x_wconf 88' lang='grc' dir='ltr'><strong><em>οἷον</em></strong></span> <span class='ocrx_word' id='word_1_98' title='bbox 561 1590 593 1654; x_wconf 88' lang='grc' dir='ltr'><strong><em>οἱ</em></strong></span> <span class='ocrx_word' id='word_1_99' title='bbox 619 1591 768 1708; x_wconf 77' lang='grc' dir='ltr'><strong><em>γραφεῖς</em></strong></span> <span class='ocrx_word' id='word_1_100' title='bbox 786 1583 1018 1682; x_wconf 71' lang='grc' dir='ltr'><strong><em>τραγελάφους</em></strong></span> <span class='ocrx_word' id='word_1_101' title='bbox 1044 1592 1100 1656; x_wconf 87' lang='grc' dir='ltr'><strong><em>καὶ</em></strong></span> <span class='ocrx_word' id='word_1_102' title='bbox 1126 1585 1170 1656; x_wconf 83' lang='grc' dir='ltr'><strong><em>τά</em></strong></span> <span class='ocrx_word' id='word_1_103' title='bbox 1191 1614 1261 1658; x_wconf 83' lang='grc' dir='ltr'><strong><em>τοι-</em></strong></span> 
     </span>
     <span class='ocr_line' id='line_1_13' title="bbox 80 1681 1260 1816; baseline 0.003 -57"><span class='ocrx_word' id='word_1_104' title='bbox 80 1694 186 1760; x_wconf 90' lang='grc' dir='ltr'><strong><em>αῦτα</em></strong></span> <span class='ocrx_word' id='word_1_105' title='bbox 184 1685 359 1780; x_wconf 73' lang='grc' dir='ltr'><strong><em>μιγνύντες</em></strong></span> <span class='ocrx_word' id='word_1_106' title='bbox 376 1684 566 1816; x_wconf 68' lang='grc' dir='ltr'><strong><em>γράρουσι.</em></strong></span> <span class='ocrx_word' id='word_1_107' title='bbox 588 1681 709 1772; x_wconf 81' lang='grc' dir='ltr'><strong><em>νόησον</em></strong></span> <span class='ocrx_word' id='word_1_108' title='bbox 730 1687 795 1777; x_wconf 86' lang='grc' dir='ltr'><strong><em>γάρ</em></strong></span> <span class='ocrx_word' id='word_1_109' title='bbox 817 1696 982 1760; x_wconf 79' lang='grc' dir='ltr'><strong><em>τοιουτονὶ</em></strong></span> <span class='ocrx_word' id='word_1_110' title='bbox 1002 1687 1176 1782; x_wconf 85' lang='grc' dir='ltr'><strong><em>γενόμενον</em></strong></span> <span class='ocrx_word' id='word_1_111' title='bbox 1197 1695 1260 1762; x_wconf 83' lang='grc' dir='ltr'><strong><em>εἴτε</em></strong></span> 
     </span>
     <span class='ocr_line' id='line_1_14' title="bbox 79 1788 1259 1913; baseline 0 -49"><span class='ocrx_word' id='word_1_112' title='bbox 79 1796 211 1864; x_wconf 85' lang='grc' dir='ltr'><strong><em>πολλῶν</em></strong></span> <span class='ocrx_word' id='word_1_113' title='bbox 236 1795 316 1864; x_wconf 90' lang='grc' dir='ltr'><strong><em>νεῶν</em></strong></span> <span class='ocrx_word' id='word_1_114' title='bbox 343 1797 417 1883; x_wconf 86' lang='grc' dir='ltr'><strong><em>πέρι</em></strong></span> <span class='ocrx_word' id='word_1_115' title='bbox 439 1795 501 1861; x_wconf 88' lang='grc' dir='ltr'><strong><em>εὶτε</em></strong></span> <span class='ocrx_word' id='word_1_116' title='bbox 521 1794 608 1880; x_wconf 81' lang='grc' dir='ltr'><strong><em>μιᾶς·</em></strong></span> <span class='ocrx_word' id='word_1_117' title='bbox 638 1788 822 1884; x_wconf 81' lang='grc' dir='ltr'><strong><em>ναύκληρον</em></strong></span> <span class='ocrx_word' id='word_1_118' title='bbox 850 1798 988 1882; x_wconf 88' lang='grc' dir='ltr'><strong><em>μεγέθει</em></strong></span> <span class='ocrx_word' id='word_1_119' title='bbox 1007 1802 1069 1913; x_wconf 77' lang='grc' dir='ltr'><strong><em>μὲν</em></strong></span> <span class='ocrx_word' id='word_1_120' title='bbox 1089 1802 1146 1864; x_wconf 83' lang='grc' dir='ltr'><strong><em>καὶ</em></strong></span> <span class='ocrx_word' id='word_1_121' title='bbox 1166 1792 1259 1892; x_wconf 80' lang='grc' dir='ltr'><strong><em>ῥώμη</em></strong></span> 
     </span>
     <span class='ocr_line' id='line_1_15' title="bbox 80 1890 1260 2020; baseline 0.002 -54"><span class='ocrx_word' id='word_1_122' title='bbox 80 1895 166 1986; x_wconf 76' lang='grc' dir='ltr'><strong><em>ὑπὲρ</em></strong></span> <span class='ocrx_word' id='word_1_123' title='bbox 183 1894 263 1976; x_wconf 87' lang='grc' dir='ltr'><strong><em>τούς</em></strong></span> <span class='ocrx_word' id='word_1_124' title='bbox 278 1899 311 1967; x_wconf 91' lang='grc' dir='ltr'><strong><em>ἐν</em></strong></span> <span class='ocrx_word' id='word_1_125' title='bbox 326 1898 364 1991; x_wconf 74' lang='grc' dir='ltr'><strong><em>τῇ</em></strong></span> <span class='ocrx_word' id='word_1_126' title='bbox 385 1899 444 1979; x_wconf 81' lang='lat'><strong><em>666</em></strong></span> <span class='ocrx_word' id='word_1_127' title='bbox 459 1890 610 1976; x_wconf 67' lang='grc' dir='ltr'><strong><em>πάντας.</em></strong></span> <span class='ocrx_word' id='word_1_128' title='bbox 618 1905 855 1990; x_wconf 79' lang='grc' dir='ltr'><strong><em>υποκωφον</em></strong></span> <span class='ocrx_word' id='word_1_129' title='bbox 819 1900 855 1966; x_wconf 94' lang='grc' dir='ltr'><strong><em>δ</em></strong></span> <span class='ocrx_word' id='word_1_130' title='bbox 877 1903 935 1970; x_wconf 84' lang='grc' dir='ltr'><strong><em>καλ</em></strong></span> <span class='ocrx_word' id='word_1_131' title='bbox 955 1893 1084 1991; x_wconf 87' lang='grc' dir='ltr'><strong><em>ὁρῶντα</em></strong></span> <span class='ocrx_word' id='word_1_132' title='bbox 1103 1894 1260 2020; x_wconf 73' lang='grc' dir='ltr'><strong><em>ῶσαύτρς</em></strong></span> 
     </span>
     <span class='ocr_line' id='line_1_16' title="bbox 79 1993 1260 2094; baseline 0.003 -25"><span class='ocrx_word' id='word_1_133' title='bbox 79 1997 190 2092; x_wconf 86' lang='grc' dir='ltr'><strong><em>βραχύ</em></strong></span> <span class='ocrx_word' id='word_1_134' title='bbox 215 2027 246 2068; x_wconf 93' lang='grc' dir='ltr'><strong><em>τι</em></strong></span> <span class='ocrx_word' id='word_1_135' title='bbox 266 2005 321 2070; x_wconf 73' lang='grc' dir='ltr'><strong><em>καὶ</em></strong></span> <span class='ocrx_word' id='word_1_136' title='bbox 343 1993 566 2087; x_wconf 81' lang='grc' dir='ltr'><strong><em>γιγνώσκοντα</em></strong></span> <span class='ocrx_word' id='word_1_137' title='bbox 587 2005 667 2092; x_wconf 81' lang='grc' dir='ltr'><strong><em>περὶ</em></strong></span> <span class='ocrx_word' id='word_1_138' title='bbox 681 2002 841 2070; x_wconf 86' lang='grc' dir='ltr'><strong><em>ναυτικῶν</em></strong></span> <span class='ocrx_word' id='word_1_139' title='bbox 869 2005 964 2094; x_wconf 80' lang='grc' dir='ltr'><strong><em>ἕτερα</em></strong></span> <span class='ocrx_word' id='word_1_140' title='bbox 993 2004 1152 2086; x_wconf 85' lang='grc' dir='ltr'><strong><em>τοιαῦτα,</em></strong></span> <span class='ocrx_word' id='word_1_141' title='bbox 1181 2000 1260 2084; x_wconf 85' lang='grc' dir='ltr'><strong><em>τούς</em></strong></span> 
     </span>
     <span class='ocr_line' id='line_1_17' title="bbox 81 2055 1256 2198; baseline 0.003 -26"><span class='ocrx_word' id='word_1_142' title='bbox 81 2109 116 2172; x_wconf 87' lang='lat'><strong><em>66</em></strong></span> <span class='ocrx_word' id='word_1_143' title='bbox 139 2077 266 2183; x_wconf 80' lang='grc' dir='ltr'><strong><em>ναύτας</em></strong></span> <span class='ocrx_word' id='word_1_144' title='bbox 286 2098 527 2184; x_wconf 88' lang='grc' dir='ltr'><strong><em>στασιάζοντας</em></strong></span> <span class='ocrx_word' id='word_1_145' title='bbox 545 2098 631 2192; x_wconf 87' lang='grc' dir='ltr'><strong><em>πρὸς</em></strong></span> <span class='ocrx_word' id='word_1_146' title='bbox 651 2097 815 2186; x_wconf 76' lang='grc' dir='ltr'><strong><em>ἀλλήλους</em></strong></span> <span class='ocrx_word' id='word_1_147' title='bbox 842 2110 916 2198; x_wconf 80' lang='grc' dir='ltr'><strong><em>περὶ</em></strong></span> <span class='ocrx_word' id='word_1_148' title='bbox 938 2106 996 2188; x_wconf 83' lang='grc' dir='ltr'><strong><em>τῆς</em></strong></span> <span class='ocrx_word' id='word_1_149' title='bbox 1016 2055 1256 2194; x_wconf 85' lang='grc' dir='ltr'><strong><em>κυβερνήσεως,</em></strong></span> 
     </span>
     <span class='ocr_line' id='line_1_18' title="bbox 82 2202 1259 2300; baseline 0.003 -24"><span class='ocrx_word' id='word_1_150' title='bbox 82 2213 221 2278; x_wconf 80' lang='grc' dir='ltr'><strong><em>ἕκαστον</em></strong></span> <span class='ocrx_word' id='word_1_151' title='bbox 253 2203 403 2296; x_wconf 79' lang='grc' dir='ltr'><strong><em>οἰόμενον</em></strong></span> <span class='ocrx_word' id='word_1_152' title='bbox 435 2209 501 2274; x_wconf 82' lang='grc' dir='ltr'><strong><em>δεῖν</em></strong></span> <span class='ocrx_word' id='word_1_153' title='bbox 532 2207 708 2300; x_wconf 79' lang='grc' dir='ltr'><strong><em>κυβερνᾷν,</em></strong></span> <span class='ocrx_word' id='word_1_154' title='bbox 739 2202 821 2296; x_wconf 90' lang='grc' dir='ltr'><strong><em>μήτε</em></strong></span> <span class='ocrx_word' id='word_1_155' title='bbox 849 2204 1013 2298; x_wconf 87' lang='grc' dir='ltr'><strong><em>μαθόντα</em></strong></span> <span class='ocrx_word' id='word_1_156' title='bbox 1041 2207 1172 2286; x_wconf 85' lang='grc' dir='ltr'><strong><em>πῶποτε</em></strong></span> <span class='ocrx_word' id='word_1_157' title='bbox 1199 2207 1259 2293; x_wconf 83' lang='grc' dir='ltr'><strong><em>τήν</em></strong></span> 
     </span>
     <span class='ocr_line' id='line_1_19' title="bbox 82 2305 1260 2406; baseline 0.003 -26"><span class='ocrx_word' id='word_1_158' title='bbox 82 2316 195 2401; x_wconf 80' lang='grc' dir='ltr'><strong><em>τέχνην</em></strong></span> <span class='ocrx_word' id='word_1_159' title='bbox 222 2307 303 2398; x_wconf 91' lang='grc' dir='ltr'><strong><em>μήτε</em></strong></span> <span class='ocrx_word' id='word_1_160' title='bbox 332 2311 447 2400; x_wconf 85' lang='grc' dir='ltr'><strong><em>ἔχοντα</em></strong></span> <span class='ocrx_word' id='word_1_161' title='bbox 470 2305 641 2392; x_wconf 67' lang='grc' dir='ltr'><strong><em>ἀποδιῶξαι</em></strong></span> <span class='ocrx_word' id='word_1_162' title='bbox 662 2305 864 2382; x_wconf 89' lang='grc' dir='ltr'><strong><em>διδάσκαλον</em></strong></span> <span class='ocrx_word' id='word_1_163' title='bbox 884 2313 1006 2382; x_wconf 85' lang='grc' dir='ltr'><strong><em>ἐαυτοῦ</em></strong></span> <span class='ocrx_word' id='word_1_164' title='bbox 1025 2316 1107 2401; x_wconf 80' lang='grc' dir='ltr'><strong><em>μηδὲ</em></strong></span> <span class='ocrx_word' id='word_1_165' title='bbox 1125 2309 1260 2406; x_wconf 79' lang='grc' dir='ltr'><strong><em>χρόνον,</em></strong></span> 
     </span>
     <span class='ocr_line' id='line_1_20' title="bbox 82 2406 1260 2508; baseline 0.002 -26"><span class='ocrx_word' id='word_1_166' title='bbox 82 2419 114 2484; x_wconf 87' lang='grc' dir='ltr'><strong><em>ἐν</em></strong></span> <span class='ocrx_word' id='word_1_167' title='bbox 136 2406 162 2507; x_wconf 84' lang='lat'><strong><em>6</em></strong></span> <span class='ocrx_word' id='word_1_168' title='bbox 186 2410 368 2503; x_wconf 79' lang='grc' dir='ltr'><strong><em>ἐμάνθανε,</em></strong></span> <span class='ocrx_word' id='word_1_169' title='bbox 388 2410 472 2504; x_wconf 90' lang='grc' dir='ltr'><strong><em>πρὸς</em></strong></span> <span class='ocrx_word' id='word_1_170' title='bbox 494 2416 529 2482; x_wconf 89' lang='grc' dir='ltr'><strong><em>δέ</em></strong></span> <span class='ocrx_word' id='word_1_171' title='bbox 545 2409 677 2493; x_wconf 82' lang='grc' dir='ltr'><strong><em>τούτοις</em></strong></span> <span class='ocrx_word' id='word_1_172' title='bbox 691 2409 888 2508; x_wconf 62' lang='grc' dir='ltr'><strong><em>φάσκοντας,</em></strong></span> <span class='ocrx_word' id='word_1_173' title='bbox 896 2419 979 2504; x_wconf 83' lang='grc' dir='ltr'><strong><em>μηδὲ</em></strong></span> <span class='ocrx_word' id='word_1_174' title='bbox 994 2414 1150 2486; x_wconf 88' lang='grc' dir='ltr'><strong><em>διδακτὸν</em></strong></span> <span class='ocrx_word' id='word_1_175' title='bbox 1165 2408 1260 2500; x_wconf 84' lang='grc' dir='ltr'><strong><em>εἶναι,</em></strong></span> 
     </span>
     <span class='ocr_line' id='line_1_21' title="bbox 82 2511 1260 2609; baseline 0.001 -21"><span class='ocrx_word' id='word_1_176' title='bbox 82 2515 169 2588; x_wconf 85' lang='grc' dir='ltr'><strong><em>ἀλλά</em></strong></span> <span class='ocrx_word' id='word_1_177' title='bbox 191 2523 245 2586; x_wconf 75' lang='grc' dir='ltr'><strong><em>καλ</em></strong></span> <span class='ocrx_word' id='word_1_178' title='bbox 269 2516 327 2586; x_wconf 90' lang='grc' dir='ltr'><strong><em>τόν</em></strong></span> <span class='ocrx_word' id='word_1_179' title='bbox 348 2511 543 2605; x_wconf 83' lang='grc' dir='ltr'><strong><em>λέγοντα,</em></strong></span> <span class='ocrx_word' id='word_1_180' title='bbox 520 2543 564 2596; x_wconf 89' lang='grc' dir='ltr'><strong><em>ως</em></strong></span> <span class='ocrx_word' id='word_1_181' title='bbox 585 2514 794 2599; x_wconf 88' lang='grc' dir='ltr'><strong><em>διδακτόν,</em></strong></span> <span class='ocrx_word' id='word_1_182' title='bbox 778 2519 928 2608; x_wconf 86' lang='grc' dir='ltr'><strong><em>ετοίμους</em></strong></span> <span class='ocrx_word' id='word_1_183' title='bbox 950 2523 1178 2609; x_wconf 85' lang='grc' dir='ltr'><strong><em>κατατέμνειν,</em></strong></span> <span class='ocrx_word' id='word_1_184' title='bbox 1200 2516 1260 2589; x_wconf 84' lang='grc' dir='ltr'><strong><em>αῦ-</em></strong></span> 
     </span>
     <span class='ocr_line' id='line_1_22' title="bbox 83 2616 1261 2743; baseline 0.003 -53"><span class='ocrx_word' id='word_1_185' title='bbox 83 2621 161 2743; x_wconf 76' lang='grc' dir='ltr'><strong><em>τούς</em></strong></span> <span class='ocrx_word' id='word_1_186' title='bbox 193 2625 228 2690; x_wconf 89' lang='lat'><strong><em>66</em></strong></span> <span class='ocrx_word' id='word_1_187' title='bbox 262 2617 352 2715; x_wconf 75' lang='lat'><em>6666</em></span> <span class='ocrx_word' id='word_1_188' title='bbox 384 2617 434 2690; x_wconf 83' lang='grc' dir='ltr'><strong><em>ἀεὶ</em></strong></span> <span class='ocrx_word' id='word_1_189' title='bbox 463 2621 523 2714; x_wconf 76' lang='grc' dir='ltr'><strong><em>τῷ</em></strong></span> <span class='ocrx_word' id='word_1_190' title='bbox 530 2616 707 2743; x_wconf 75' lang='grc' dir='ltr'><strong><em>ναυκλήρῳ</em></strong></span> <span class='ocrx_word' id='word_1_191' title='bbox 735 2618 980 2713; x_wconf 79' lang='grc' dir='ltr'><strong><em>περικεχύσθαι</em></strong></span> <span class='ocrx_word' id='word_1_192' title='bbox 1006 2625 1179 2712; x_wconf 76' lang='grc' dir='ltr'><strong><em>δεομένους</em></strong></span> <span class='ocrx_word' id='word_1_193' title='bbox 1204 2630 1261 2694; x_wconf 78' lang='grc' dir='ltr'><strong><em>καὶ</em></strong></span> 
     </span>
     <span class='ocr_line' id='line_1_23' title="bbox 81 2713 1261 2824; baseline 0.002 -28"><span class='ocrx_word' id='word_1_194' title='bbox 81 2722 193 2796; x_wconf 82' lang='grc' dir='ltr'><strong><em>πάντα</em></strong></span> <span class='ocrx_word' id='word_1_195' title='bbox 215 2727 394 2804; x_wconf 83' lang='grc' dir='ltr'><strong><em>ποιοῦντας</em></strong></span> <span class='ocrx_word' id='word_1_196' title='bbox 415 2713 502 2804; x_wconf 87' lang='grc' dir='ltr'><strong><em>όπως</em></strong></span> <span class='ocrx_word' id='word_1_197' title='bbox 523 2720 565 2792; x_wconf 86' lang='lat'><strong><em>66</em></strong></span> <span class='ocrx_word' id='word_1_198' title='bbox 590 2725 686 2818; x_wconf 78' lang='grc' dir='ltr'><strong><em>σφίσι</em></strong></span> <span class='ocrx_word' id='word_1_199' title='bbox 708 2720 747 2792; x_wconf 89' lang='grc' dir='ltr'><strong><em>τό</em></strong></span> <span class='ocrx_word' id='word_1_200' title='bbox 769 2721 931 2808; x_wconf 82' lang='grc' dir='ltr'><strong><em>πηδάλιον</em></strong></span> <span class='ocrx_word' id='word_1_201' title='bbox 953 2729 1175 2824; x_wconf 74' lang='grc' dir='ltr'><strong><em>ἐπιτρέψη,’</em></strong></span> <span class='ocrx_word' id='word_1_202' title='bbox 1159 2729 1261 2798; x_wconf 83' lang='grc' dir='ltr'><strong><em>ενίοτε</em></strong></span> 
     </span>
     <span class='ocr_line' id='line_1_24' title="bbox 82 2823 1260 2921; baseline 0.002 -22"><span class='ocrx_word' id='word_1_203' title='bbox 82 2826 133 2913; x_wconf 91' lang='lat'><strong><em>6,</em></strong></span> <span class='ocrx_word' id='word_1_204' title='bbox 163 2827 205 2900; x_wconf 81' lang='grc' dir='ltr'><strong><em>ἀν</em></strong></span> <span class='ocrx_word' id='word_1_205' title='bbox 232 2827 283 2918; x_wconf 84' lang='grc' dir='ltr'><strong><em>μή</em></strong></span> <span class='ocrx_word' id='word_1_206' title='bbox 305 2830 485 2909; x_wconf 76' lang='grc' dir='ltr'><strong><em>πάθωσιν,</em></strong></span> <span class='ocrx_word' id='word_1_207' title='bbox 513 2823 599 2896; x_wconf 86' lang='grc' dir='ltr'><strong><em>ἀλλά</em></strong></span> <span class='ocrx_word' id='word_1_208' title='bbox 626 2825 723 2921; x_wconf 79' lang='grc' dir='ltr'><strong><em>ἄλλοι</em></strong></span> <span class='ocrx_word' id='word_1_209' title='bbox 746 2830 891 2918; x_wconf 91' lang='grc' dir='ltr'><strong><em>μαλλον,</em></strong></span> <span class='ocrx_word' id='word_1_210' title='bbox 917 2827 995 2910; x_wconf 86' lang='grc' dir='ltr'><strong><em>τοῦς</em></strong></span> <span class='ocrx_word' id='word_1_211' title='bbox 1013 2837 1075 2920; x_wconf 77' lang='grc' dir='ltr'><strong><em>μὲν</em></strong></span> <span class='ocrx_word' id='word_1_212' title='bbox 1096 2828 1260 2916; x_wconf 81' lang='grc' dir='ltr'><strong><em>ἀλλονςή</em></strong></span> 
     </span>
     <span class='ocr_line' id='line_1_25' title="bbox 81 2927 1260 3022; baseline 0.001 -18"><span class='ocrx_word' id='word_1_213' title='bbox 81 2928 342 3011; x_wconf 87' lang='grc' dir='ltr'><strong><em>ἀποκτιννύντας</em></strong></span> <span class='ocrx_word' id='word_1_214' title='bbox 376 2927 416 3014; x_wconf 82' lang='grc' dir='ltr'><strong><em>ἢ</em></strong></span> <span class='ocrx_word' id='word_1_215' title='bbox 433 2927 694 3017; x_wconf 86' lang='grc' dir='ltr'><strong><em>ἐκβάλλοντας’</em></strong></span> <span class='ocrx_word' id='word_1_216' title='bbox 683 2957 733 3000; x_wconf 88' lang='grc' dir='ltr'><strong><em>ειι</em></strong></span> <span class='ocrx_word' id='word_1_217' title='bbox 746 2933 803 3014; x_wconf 81' lang='grc' dir='ltr'><strong><em>τῆς</em></strong></span> <span class='ocrx_word' id='word_1_218' title='bbox 831 2929 925 3014; x_wconf 85' lang='grc' dir='ltr'><strong><em>ντῶς,</em></strong></span> <span class='ocrx_word' id='word_1_219' title='bbox 962 2931 1021 3002; x_wconf 88' lang='grc' dir='ltr'><strong><em>τόν</em></strong></span> <span class='ocrx_word' id='word_1_220' title='bbox 1047 2937 1085 3003; x_wconf 86' lang='lat'><strong><em>66</em></strong></span> <span class='ocrx_word' id='word_1_221' title='bbox 1111 2941 1260 3022; x_wconf 86' lang='grc' dir='ltr'><strong><em>γενναῖον</em></strong></span> 
     </span>
     <span class='ocr_line' id='line_1_26' title="bbox 80 3030 1262 3130; baseline -0.001 -22"><span class='ocrx_word' id='word_1_222' title='bbox 80 3034 285 3128; x_wconf 82' lang='grc' dir='ltr'><strong><em>ναύκληρον·</em></strong></span> <span class='ocrx_word' id='word_1_223' title='bbox 300 3030 519 3127; x_wconf 73' lang='grc' dir='ltr'><strong><em>μανδραγόρᾳ</em></strong></span> <span class='ocrx_word' id='word_1_224' title='bbox 551 3031 571 3118; x_wconf 83' lang='lat'><strong><em>6</em></strong></span> <span class='ocrx_word' id='word_1_225' title='bbox 602 3039 696 3130; x_wconf 79' lang='grc' dir='ltr'><strong><em>μέθῃ</em></strong></span> <span class='ocrx_word' id='word_1_226' title='bbox 721 3031 743 3117; x_wconf 83' lang='grc' dir='ltr'><strong><em>ή</em></strong></span> <span class='ocrx_word' id='word_1_227' title='bbox 772 3059 834 3104; x_wconf 91' lang='grc' dir='ltr'><strong><em>τινι</em></strong></span> <span class='ocrx_word' id='word_1_228' title='bbox 865 3032 957 3130; x_wconf 80' lang='grc' dir='ltr'><strong><em>ἀλλῳ</em></strong></span> <span class='ocrx_word' id='word_1_229' title='bbox 992 3041 1262 3126; x_wconf 75' lang='grc' dir='ltr'><strong><em>συμποδίσαντας</em></strong></span> 
     </span>
     <span class='ocr_line' id='line_1_27' title="bbox 81 3137 1260 3230; baseline 0.002 -19"><span class='ocrx_word' id='word_1_230' title='bbox 81 3145 141 3224; x_wconf 81' lang='grc' dir='ltr'><strong><em>τῆς</em></strong></span> <span class='ocrx_word' id='word_1_231' title='bbox 168 3137 246 3222; x_wconf 80' lang='grc' dir='ltr'><strong><em>νεὼς</em></strong></span> <span class='ocrx_word' id='word_1_232' title='bbox 276 3137 386 3228; x_wconf 78' lang='grc' dir='ltr'><strong><em>ἄρχειν</em></strong></span> <span class='ocrx_word' id='word_1_233' title='bbox 412 3141 599 3230; x_wconf 80' lang='grc' dir='ltr'><strong><em>χρωμένους</em></strong></span> <span class='ocrx_word' id='word_1_234' title='bbox 634 3143 702 3217; x_wconf 76' lang='grc' dir='ltr'><strong><em>τοῖς</em></strong></span> <span class='ocrx_word' id='word_1_235' title='bbox 730 3139 857 3216; x_wconf 80' lang='grc' dir='ltr'><strong><em>ἐνοῦσι,</em></strong></span> <span class='ocrx_word' id='word_1_236' title='bbox 889 3144 945 3207; x_wconf 84' lang='grc' dir='ltr'><strong><em>καὶ</em></strong></span> <span class='ocrx_word' id='word_1_237' title='bbox 973 3138 1127 3220; x_wconf 80' lang='grc' dir='ltr'><strong><em>πίνοντάς</em></strong></span> <span class='ocrx_word' id='word_1_238' title='bbox 1141 3168 1182 3210; x_wconf 86' lang='grc' dir='ltr'><strong><em>τι</em></strong></span> <span class='ocrx_word' id='word_1_239' title='bbox 1204 3148 1260 3212; x_wconf 84' lang='grc' dir='ltr'><strong><em>καὶ</em></strong></span> 
     </span>
     <span class='ocr_line' id='line_1_28' title="bbox 78 3236 1259 3334; baseline -0.006 -19"><span class='ocrx_word' id='word_1_240' title='bbox 78 3243 323 3334; x_wconf 75' lang='grc' dir='ltr'><strong><em>εὐωχουμένους</em></strong></span> <span class='ocrx_word' id='word_1_241' title='bbox 344 3246 452 3321; x_wconf 84' lang='grc' dir='ltr'><strong><em>πλεῖν,</em></strong></span> <span class='ocrx_word' id='word_1_242' title='bbox 480 3236 522 3320; x_wconf 86' lang='lat'><strong><em>69</em></strong></span> <span class='ocrx_word' id='word_1_243' title='bbox 545 3238 582 3308; x_wconf 88' lang='grc' dir='ltr'><strong><em>τό</em></strong></span> <span class='ocrx_word' id='word_1_244' title='bbox 605 3238 691 3321; x_wconf 81' lang='grc' dir='ltr'><strong><em>εἰκὸς</em></strong></span> <span class='ocrx_word' id='word_1_245' title='bbox 712 3239 789 3320; x_wconf 83' lang='grc' dir='ltr'><strong><em>τούς</em></strong></span> <span class='ocrx_word' id='word_1_246' title='bbox 811 3237 997 3325; x_wconf 88' lang='grc' dir='ltr'><strong><em>τοιούτους,</em></strong></span> <span class='ocrx_word' id='word_1_247' title='bbox 1020 3241 1103 3330; x_wconf 81' lang='grc' dir='ltr'><strong><em>πρὸς</em></strong></span> <span class='ocrx_word' id='word_1_248' title='bbox 1125 3248 1161 3312; x_wconf 85' lang='lat'><strong><em>66</em></strong></span> <span class='ocrx_word' id='word_1_249' title='bbox 1181 3241 1259 3315; x_wconf 82' lang='grc' dir='ltr'><strong><em>τού.</em></strong></span> 
     </span>
     <span class='ocr_line' id='line_1_29' title="bbox 81 3343 1260 3471; baseline 0.001 -52"><span class='ocrx_word' id='word_1_250' title='bbox 81 3376 154 3430; x_wconf 87' lang='grc' dir='ltr'><strong><em>τοις</em></strong></span> <span class='ocrx_word' id='word_1_251' title='bbox 175 3349 399 3428; x_wconf 86' lang='grc' dir='ltr'><strong><em>ἐπαινοῦντας,</em></strong></span> <span class='ocrx_word' id='word_1_252' title='bbox 422 3343 576 3414; x_wconf 82' lang='grc' dir='ltr'><strong><em>ναυτικὸν</em></strong></span> <span class='ocrx_word' id='word_1_253' title='bbox 593 3353 672 3468; x_wconf 77' lang='grc' dir='ltr'><strong><em>μὲν</em></strong></span> <span class='ocrx_word' id='word_1_254' title='bbox 676 3347 860 3425; x_wconf 87' lang='grc' dir='ltr'><strong><em>καλοῦντας</em></strong></span> <span class='ocrx_word' id='word_1_255' title='bbox 881 3351 936 3414; x_wconf 81' lang='grc' dir='ltr'><strong><em>καλ</em></strong></span> <span class='ocrx_word' id='word_1_256' title='bbox 958 3346 1190 3471; x_wconf 75' lang='grc' dir='ltr'><strong><em>κυβερνητικὸν</em></strong></span> <span class='ocrx_word' id='word_1_257' title='bbox 1204 3357 1260 3420; x_wconf 79' lang='grc' dir='ltr'><strong><em>καλ</em></strong></span> 
     </span>
     <span class='ocr_line' id='line_1_30' title="bbox 81 3439 1258 3546; baseline 0 -24"><span class='ocrx_word' id='word_1_258' title='bbox 81 3447 299 3539; x_wconf 84' lang='grc' dir='ltr'><strong><em>ἐπιστάμενον</em></strong></span> <span class='ocrx_word' id='word_1_259' title='bbox 319 3447 360 3518; x_wconf 85' lang='grc' dir='ltr'><strong><em>τά</em></strong></span> <span class='ocrx_word' id='word_1_260' title='bbox 382 3447 469 3517; x_wconf 88' lang='grc' dir='ltr'><strong><em>κατά</em></strong></span> <span class='ocrx_word' id='word_1_261' title='bbox 488 3450 569 3517; x_wconf 89' lang='grc' dir='ltr'><strong><em>ναῦν</em></strong></span> <span class='ocrx_word' id='word_1_262' title='bbox 591 3442 628 3526; x_wconf 87' lang='lat'><strong><em>69</em></strong></span> <span class='ocrx_word' id='word_1_263' title='bbox 649 3444 691 3517; x_wconf 88' lang='lat'><strong><em>66</em></strong></span> <span class='ocrx_word' id='word_1_264' title='bbox 712 3444 951 3537; x_wconf 78' lang='grc' dir='ltr'><strong><em>ξυλλαμβάνειν</em></strong></span> <span class='ocrx_word' id='word_1_265' title='bbox 972 3439 1124 3530; x_wconf 84' lang='grc' dir='ltr'><strong><em>δεινὸς</em></strong></span> <span class='ocrx_word' id='word_1_266' title='bbox 1105 3481 1144 3546; x_wconf 86' lang='lat'><strong><em>6,</em></strong></span> <span class='ocrx_word' id='word_1_267' title='bbox 1170 3445 1258 3534; x_wconf 87' lang='grc' dir='ltr'><strong><em>όπως</em></strong></span> 
     </span>
     <span class='ocr_line' id='line_1_31' title="bbox 81 3543 1258 3674; baseline -0.005 -46"><span class='ocrx_word' id='word_1_268' title='bbox 81 3551 281 3647; x_wconf 65' lang='lat'><em>66606666&#39;*</em></span> <span class='ocrx_word' id='word_1_269' title='bbox 261 3583 281 3638; x_wconf 87' lang='grc' dir='ltr'><strong><em>η</em></strong></span> <span class='ocrx_word' id='word_1_270' title='bbox 302 3548 518 3632; x_wconf 75' lang='grc' dir='ltr'><strong><em>πείθοντες”</em></strong></span> <span class='ocrx_word' id='word_1_271' title='bbox 497 3581 517 3635; x_wconf 89' lang='grc' dir='ltr'><strong><em>η</em></strong></span> <span class='ocrx_word' id='word_1_272' title='bbox 526 3543 729 3674; x_wconf 86' lang='grc' dir='ltr'><strong><em>βιαζόμενοι</em></strong></span> <span class='ocrx_word' id='word_1_273' title='bbox 757 3549 814 3620; x_wconf 86' lang='grc' dir='ltr'><strong><em>τὸν</em></strong></span> <span class='ocrx_word' id='word_1_274' title='bbox 833 3547 1032 3672; x_wconf 74' lang='grc' dir='ltr'><strong><em>ναύκληρον,</em></strong></span> <span class='ocrx_word' id='word_1_275' title='bbox 1061 3551 1119 3622; x_wconf 86' lang='grc' dir='ltr'><strong><em>τὸν</em></strong></span> <span class='ocrx_word' id='word_1_276' title='bbox 1148 3558 1184 3622; x_wconf 77' lang='lat'><strong><em>66</em></strong></span> <span class='ocrx_word' id='word_1_277' title='bbox 1211 3583 1258 3645; x_wconf 87' lang='grc' dir='ltr'><strong><em>μη</em></strong></span> 
     </span>
     <span class='ocr_line' id='line_1_32' title="bbox 82 3651 1258 3783; baseline -0.002 -51"><span class='ocrx_word' id='word_1_278' title='bbox 82 3663 236 3732; x_wconf 91' lang='grc' dir='ltr'><strong><em>τοιοῦτον</em></strong></span> <span class='ocrx_word' id='word_1_279' title='bbox 261 3661 428 3783; x_wconf 79' lang='grc' dir='ltr'><strong><em>ψέγοντας</em></strong></span> <span class='ocrx_word' id='word_1_280' title='bbox 456 3651 499 3734; x_wconf 90' lang='grc' dir='ltr'><strong><em>ῶς</em></strong></span> <span class='ocrx_word' id='word_1_281' title='bbox 511 3653 700 3776; x_wconf 70' lang='grc' dir='ltr'><strong><em>ἀγρηστον,</em></strong></span> <span class='ocrx_word' id='word_1_282' title='bbox 730 3658 789 3738; x_wconf 89' lang='grc' dir='ltr'><strong><em>τοῦ</em></strong></span> <span class='ocrx_word' id='word_1_283' title='bbox 811 3658 848 3722; x_wconf 85' lang='lat'><strong><em>66</em></strong></span> <span class='ocrx_word' id='word_1_284' title='bbox 868 3651 1036 3738; x_wconf 85' lang='grc' dir='ltr'><strong><em>ἀληθινοῦ</em></strong></span> <span class='ocrx_word' id='word_1_285' title='bbox 1058 3655 1258 3750; x_wconf 78' lang='grc' dir='ltr'><strong><em>κυβερνήτου</em></strong></span> 
     </span>
     <span class='ocr_line' id='line_1_33' title="bbox 80 3749 1257 3856; baseline 0.001 -24"><span class='ocrx_word' id='word_1_286' title='bbox 80 3771 158 3856; x_wconf 81' lang='grc' dir='ltr'><strong><em>πέρι</em></strong></span> <span class='ocrx_word' id='word_1_287' title='bbox 178 3759 287 3852; x_wconf 80' lang='grc' dir='ltr'><strong><em>μήδ’</em></strong></span> <span class='ocrx_word' id='word_1_288' title='bbox 276 3766 461 3842; x_wconf 79' lang='grc' dir='ltr'><strong><em>ιπαΐοντις,</em></strong></span> <span class='ocrx_word' id='word_1_289' title='bbox 458 3751 526 3826; x_wconf 82' lang='grc' dir='ltr'><strong><em>ότι</em></strong></span> <span class='ocrx_word' id='word_1_290' title='bbox 547 3755 673 3846; x_wconf 78' lang='grc' dir='ltr'><strong><em>ἀνάγκη</em></strong></span> <span class='ocrx_word' id='word_1_291' title='bbox 696 3754 784 3850; x_wconf 77' lang='grc' dir='ltr'><strong><em>αὐτῷ</em></strong></span> <span class='ocrx_word' id='word_1_292' title='bbox 801 3756 858 3841; x_wconf 88' lang='grc' dir='ltr'><strong><em>τήν</em></strong></span> <span class='ocrx_word' id='word_1_293' title='bbox 872 3749 1062 3846; x_wconf 79' lang='grc' dir='ltr'><strong><em>ἐπιμέλιιαν</em></strong></span> <span class='ocrx_word' id='word_1_294' title='bbox 1076 3767 1257 3834; x_wconf 87' lang='grc' dir='ltr'><strong><em>ποιεῖσθαι</em></strong></span> 
     </span>
     <span class='ocr_line' id='line_1_34' title="bbox 81 3858 1257 3992; baseline -0.001 -54"><span class='ocrx_word' id='word_1_295' title='bbox 81 3869 236 3938; x_wconf 80' lang='grc' dir='ltr'><strong><em>ἐνιαυτοῦ</em></strong></span> <span class='ocrx_word' id='word_1_296' title='bbox 254 3871 312 3968; x_wconf 83' lang='grc' dir='ltr'><strong><em>καὶ</em></strong></span> <span class='ocrx_word' id='word_1_297' title='bbox 333 3859 423 3992; x_wconf 76' lang='lat'><em>6666</em></span> <span class='ocrx_word' id='word_1_298' title='bbox 444 3868 500 3932; x_wconf 85' lang='grc' dir='ltr'><strong><em>καὶ</em></strong></span> <span class='ocrx_word' id='word_1_299' title='bbox 521 3859 703 3954; x_wconf 86' lang='grc' dir='ltr'><strong><em>ούρανοῦ</em></strong></span> <span class='ocrx_word' id='word_1_300' title='bbox 685 3867 740 3932; x_wconf 83' lang='grc' dir='ltr'><strong><em>καὶ</em></strong></span> <span class='ocrx_word' id='word_1_301' title='bbox 761 3858 894 3954; x_wconf 77' lang='grc' dir='ltr'><strong><em>ἄστρων</em></strong></span> <span class='ocrx_word' id='word_1_302' title='bbox 915 3867 971 3946; x_wconf 77' lang='grc' dir='ltr'><strong><em>καὶ</em></strong></span> <span class='ocrx_word' id='word_1_303' title='bbox 991 3861 1183 3954; x_wconf 80' lang='grc' dir='ltr'><strong><em>πνευμάτων</em></strong></span> <span class='ocrx_word' id='word_1_304' title='bbox 1201 3873 1257 3936; x_wconf 80' lang='grc' dir='ltr'><strong><em>καλ</em></strong></span> 
     </span>
     <span class='ocr_line' id='line_1_35' title="bbox 78 3961 1258 4092; baseline -0.002 -52"><span class='ocrx_word' id='word_1_305' title='bbox 78 3968 213 4043; x_wconf 82' lang='grc' dir='ltr'><strong><em>πάντων</em></strong></span> <span class='ocrx_word' id='word_1_306' title='bbox 234 3963 297 4038; x_wconf 89' lang='grc' dir='ltr'><strong><em>τῶν</em></strong></span> <span class='ocrx_word' id='word_1_307' title='bbox 318 3970 357 4063; x_wconf 74' lang='grc' dir='ltr'><strong><em>τῇ</em></strong></span> <span class='ocrx_word' id='word_1_308' title='bbox 378 3971 471 4062; x_wconf 77' lang='grc' dir='ltr'><strong><em>τέχνῃ</em></strong></span> <span class='ocrx_word' id='word_1_309' title='bbox 492 3961 752 4055; x_wconf 88' lang='grc' dir='ltr'><strong><em>προσηκόντων,</em></strong></span> <span class='ocrx_word' id='word_1_310' title='bbox 762 3991 790 4032; x_wconf 90' lang='grc' dir='ltr'><strong><em>ει</em></strong></span> <span class='ocrx_word' id='word_1_311' title='bbox 784 3961 920 4052; x_wconf 81' lang='grc' dir='ltr'><strong><em>μέλλει</em></strong></span> <span class='ocrx_word' id='word_1_312' title='bbox 941 3967 989 4059; x_wconf 74' lang='grc' dir='ltr'><strong><em>τῷ</em></strong></span> <span class='ocrx_word' id='word_1_313' title='bbox 1010 3963 1081 4036; x_wconf 86' lang='grc' dir='ltr'><strong><em>όντι</em></strong></span> <span class='ocrx_word' id='word_1_314' title='bbox 1102 3967 1180 4050; x_wconf 84' lang='grc' dir='ltr'><strong><em>νεῶς</em></strong></span> <span class='ocrx_word' id='word_1_315' title='bbox 1196 3967 1258 4092; x_wconf 80' lang='grc' dir='ltr'><strong><em>ἀρ-</em></strong></span> 
     </span>
     <span class='ocr_line' id='line_1_36' title="bbox 77 4063 1257 4166; baseline 0.001 -22"><span class='ocrx_word' id='word_1_316' title='bbox 77 4073 173 4166; x_wconf 85' lang='grc' dir='ltr'><strong><em>χικὸς</em></strong></span> <span class='ocrx_word' id='word_1_317' title='bbox 193 4067 377 4156; x_wconf 78' lang='grc' dir='ltr'><strong><em>ἔσεσθαι,“</em></strong></span> <span class='ocrx_word' id='word_1_318' title='bbox 368 4063 456 4149; x_wconf 90' lang='grc' dir='ltr'><strong><em>όπως</em></strong></span> <span class='ocrx_word' id='word_1_319' title='bbox 477 4073 512 4140; x_wconf 83' lang='grc' dir='ltr'><strong><em>δέ</em></strong></span> <span class='ocrx_word' id='word_1_320' title='bbox 530 4065 770 4162; x_wconf 83' lang='grc' dir='ltr'><strong><em>κυβερνήσει,</em></strong></span> <span class='ocrx_word' id='word_1_321' title='bbox 754 4063 810 4138; x_wconf 86' lang='grc' dir='ltr'><strong><em>εάν</em></strong></span> <span class='ocrx_word' id='word_1_322' title='bbox 831 4072 869 4136; x_wconf 87' lang='grc' dir='ltr'><strong><em>τέ</em></strong></span> <span class='ocrx_word' id='word_1_323' title='bbox 887 4092 971 4150; x_wconf 86' lang='grc' dir='ltr'><strong><em>τινες</em></strong></span> <span class='ocrx_word' id='word_1_324' title='bbox 990 4066 1236 4156; x_wconf 82' lang='grc' dir='ltr'><strong><em>βούλωνται”</em></strong></span> <span class='ocrx_word' id='word_1_325' title='bbox 1200 4097 1257 4145; x_wconf 76' lang='grc' dir='ltr'><strong><em>εακ</em></strong></span> 
     </span>
     <span class='ocr_line' id='line_1_37' title="bbox 77 4166 1259 4267; baseline 0.003 -26"><span class='ocrx_word' id='word_1_326' title='bbox 77 4206 117 4248; x_wconf 71' lang='grc' dir='ltr'><strong><em>τε</em></strong></span> <span class='ocrx_word' id='word_1_327' title='bbox 149 4175 213 4267; x_wconf 81' lang='grc' dir='ltr'><strong><em>μὴ,</em></strong></span> <span class='ocrx_word' id='word_1_328' title='bbox 241 4171 337 4266; x_wconf 59' lang='grc' dir='ltr'><strong><em>,μήτε</em></strong></span> <span class='ocrx_word' id='word_1_329' title='bbox 368 4177 481 4263; x_wconf 74' lang='grc' dir='ltr'><strong><em>τέχνην</em></strong></span> <span class='ocrx_word' id='word_1_330' title='bbox 513 4168 633 4252; x_wconf 81' lang='grc' dir='ltr'><strong><em>,τούτου</em></strong></span> <span class='ocrx_word' id='word_1_331' title='bbox 655 4169 748 4262; x_wconf 87' lang='grc' dir='ltr'><strong><em>μήτε</em></strong></span> <span class='ocrx_word' id='word_1_332' title='bbox 781 4177 918 4263; x_wconf 87' lang='grc' dir='ltr'><strong><em>μελέτην</em></strong></span> <span class='ocrx_word' id='word_1_333' title='bbox 944 4166 1090 4264; x_wconf 86' lang='grc' dir='ltr'><strong><em>οἰόμενοι</em></strong></span> <span class='ocrx_word' id='word_1_334' title='bbox 1117 4174 1259 4247; x_wconf 85' lang='grc' dir='ltr'><strong><em>δυνατόν</em></strong></span> 
     </span>
     <span class='ocr_line' id='line_1_38' title="bbox 78 4269 1257 4374; baseline -0.005 -20"><span class='ocrx_word' id='word_1_335' title='bbox 78 4275 168 4364; x_wconf 73' lang='grc' dir='ltr'><strong><em>εἶναι</em></strong></span> <span class='ocrx_word' id='word_1_336' title='bbox 185 4284 310 4372; x_wconf 55' lang='grc' dir='ltr'><strong><em>[λαβεῖν</em></strong></span> <span class='ocrx_word' id='word_1_337' title='bbox 332 4269 403 4370; x_wconf 75' lang='grc' dir='ltr'><strong><em>ἅμα</em></strong></span> <span class='ocrx_word' id='word_1_338' title='bbox 424 4283 481 4351; x_wconf 81' lang='grc' dir='ltr'><strong><em>καὶ</em></strong></span> <span class='ocrx_word' id='word_1_339' title='bbox 503 4275 561 4362; x_wconf 87' lang='grc' dir='ltr'><strong><em>τήν</em></strong></span> <span class='ocrx_word' id='word_1_340' title='bbox 582 4273 832 4374; x_wconf 81' lang='grc' dir='ltr'><strong><em>κυβερνητικήν.</em></strong></span> <span class='ocrx_word' id='word_1_341' title='bbox 859 4272 1018 4352; x_wconf 87' lang='grc' dir='ltr'><strong><em>τοιούτων</em></strong></span> <span class='ocrx_word' id='word_1_342' title='bbox 1038 4277 1080 4364; x_wconf 87' lang='grc' dir='ltr'><strong><em>δή</em></strong></span> <span class='ocrx_word' id='word_1_343' title='bbox 1102 4285 1174 4374; x_wconf 85' lang='grc' dir='ltr'><strong><em>περὶ</em></strong></span> <span class='ocrx_word' id='word_1_344' title='bbox 1196 4276 1257 4360; x_wconf 85' lang='grc' dir='ltr'><strong><em>τάς</em></strong></span> 
     </span>
     <span class='ocr_line' id='line_1_39' title="bbox 1041 4385 1081 4447; baseline 0 0"><span class='ocrx_word' id='word_1_345' title='bbox 1041 4385 1081 4447; x_wconf 77' lang='lat'><strong><em>16</em></strong></span> 
     </span>
    </p>
   </div>
   <div class='ocr_carea' id='block_1_3' title="bbox 0 0 1658 5232">
    <p class='ocr_par' dir='ltr' id='par_1_3' title="bbox 0 0 1658 5232">
     <span class='ocr_line' id='line_1_40' title="bbox 0 0 1658 5232; baseline 0 0"><span class='ocrx_word' id='word_1_346' title='bbox 0 0 1658 5232; x_wconf 95' lang='lat' dir='ltr'><strong><em> </em></strong></span> 
     </span>
    </p>
   </div>
  </div>
 </body>
</html>
