3344 5234
594 371 805 450 ...⁴9-

106 535 206 607 selbst
227 555 284 624 ap:
307 557 343 604 so
365 541 497 609 wiirden
520 541 603 606 denn
621 539 682 611 alle
704 543 878 628 Tugenden
893 537 1066 624 auspicem
1080 539 1292 630 krenkheften

106 645 264 710 Zustende
294 644 450 711 berubem
494 643 662 710 Vielleicht
686 644 803 729 jedccb
831 646 876 720 ist
901 667 963 712 nur
986 649 1078 732 jenes
1105 649 1176 714 Lob
1206 651 1293 728 eines

104 767 190 832 gens
206 746 474 828 unentwiclrelten
496 747 799 832 gesellscbaltlicben
821 752 1012 825 Zustendes.
1047 749 1092 816 als
1114 755 1160 816 sei
1183 773 1219 819 er
1241 751 1293 822 die

104 849 295 936 cigentliche
324 851 531 928 Gesundheit‚
564 850 651 916 nicht
681 873 717 917 so
739 851 891 918 ernstbult
911 854 1178 939 zunehmenals
1201 877 1235 922 es
1258 854 1293 928 in

102 975 247 1025 neueren
278 953 386 1022 Zeiten
415 975 484 1023 rou
508 954 619 1034 Vielcn
647 957 688 1040 ist
711 977 879 1042 gerungen
900 960 1043 1042 worden.
1085 961 1177 1027 Denn
1198 941 1293 1034 penu

101 1058 210 1142 gleicb
237 1058 297 1122 ¹auf
323 1056 374 1124 die
401 1060 589 1142 ungestiimc
612 1061 801 1145 Funderung
821 1063 879 1126 der
900 1063 1030 1142 Andern
1052 1063 1197 1129 Socrates
1219 1083 1295 1130 ver-

100 1161 232 1246 riiglicb
253 1159 405 1229 sinuliebe
429 1163 584 1240 Geniissc,
608 1163 922 1248 Bequemlichlreiten
943 1167 1011 1230 und
1024 1166 1155 1240 Kiinste‚
1178 1166 1233 1251 die
1246 1166 1292 1235 im

103 1265 240 1352 Verfclg
263 1265 503 1350 grdsstentheile
524 1265 704 1341 verucrlen
726 1265 871 1344 werden,
899 1270 945 1336 als
968 1265 1129 1356 dasjenige
1149 1270 1294 1362 numbeft

102 1373 228 1446 matht,
264 1391 330 1437 was
353 1372 508 1448 demnacb
531 1370 728 1456 eingelessen
749 1375 880 1440 ilerden
902 1373 998 1438 selle:
1023 1394 1062 1463 se
1081 1372 1188 1456 feblen
1210 1377 1293 1456 dpcb

102 1477 137 1538 in
161 1477 222 1538 der
243 1475 481 1559 Bescbreibung
500 1477 592 1560 jener
613 1475 1061 1568 urspriiuglicbeneinluchen
1076 1477 1292 1556 Gcsellscbalt

101 1577 365 1662 woblbediicbtig
387 1580 515 1654 mdchte
535 1577 588 1647 ich
609 1578 756 1662 glauben,
779 1582 863 1660 euch
876 1579 935 1646 elle
949 1579 1292 1668 geistigenElemente,

103 1685 189 1750 ebue
214 1680 346 1750 melche
372 1685 428 1754 des
458 1685 566 1749 Leben
588 1682 675 1749 nicht
696 1704 737 1748 zu
757 1682 852 1748 leben
873 1683 923 1753 ist.
968 1687 1056 1752 Anch
1077 1684 1195 1754 hievcn
1216 1685 1294 1772 liegt

101 1786 169 1853 alec
207 1784 260 1852 die
290 1783 726 1878 eigeutlichedbzweclrung
755 1787 839 1854 wohl
861 1787 895 1852 in
917 1791 974 1859 der
994 1787 1217 1873 Bezugnabme
1238 1791 1296 1856 auf

101 1889 157 1957 die
180 1887 284 1964 Seele,
307 1889 340 1954 in
362 1889 544 1976 welches-jc
559 1887 641 1963 euch
657 1897 722 1955 eret
743 1889 796 1954 bei
819 1874 985 1973 grb‘sserer
1005 1891 1290 1978 Menniglaltiglreit
1396 1951 1398 1955 .

100 1991 277 2061 sinulicber
305 1995 488 2076 Reizungen
523 1995 586 2058 und
615 1991 673 2064 bei
692 1991 758 2058 sich
782 1993 1092 2078 vervielftiltigender
1113 1995 1293 2082 Tbitigkcit

101 2096 154 2163 dic
178 2100 311 2180 Tngend
339 2097 501 2170 bestimml
528 2095 750 2165 hervortreten
771 2099 837 2166 und
859 2099 1291 2184 derGegensatzuwiscben

100 2207 165 2282 gut»
180 2203 248 2274 und
271 2199 410 2268 schlecbt
431 2199 498 2269 siclt
520 2199 709 2268 cutwickeln
731 2204 840 2277 kann,
862 2205 979 2286 verber
1000 2205 1078 2267 aber
1101 2202 1223 2270 nicht.»
1244 2196 1290 2256 ⁶-

99 2306 231 2371 Poterat
251 2307 331 2378 trec
352 2307 614 2390 mercedum
637 2302 829 2373 detensionis
851 2312 881 2376 et
902 2305 978 2370 belli
993 2307 1149 2388 rationem
1170 2311 1289 2384 haben-

101 2411 174 2484 dam
199 2425 269 2476 esse
291 2428 331 2472 ex
353 2406 524 2492 voluptatis
546 2407 661 2484 studio¹
674 2406 852 2492 improbate
876 2416 1000 2494 repetat
1014 2409 1112 2483 Plato,
1134 2412 1180 2488 ite
1201 2411 1287 2479 enim

100 2509 423 2588 Schleiermccberue‚
447 2519 478 2577 et
500 2513 597 2596 qnod,
623 2514 651 2576 si
673 2509 752 2580 haec
774 2515 813 2576 de
835 2510 912 2581 luxu
934 2511 967 2577 in
989 2515 1116 2578 civitate
1138 2513 1222 2583 dicta
1247 2518 1289 2588 ud

98 2617 242 2684 animum
264 2613 512 2691 transferantur,
541 2613 574 2680 id
603 2617 689 2700 quud
718 2623 822 2695 temen
849 2623 961 2701 postea
982 2615 1057 2682 facit
1077 2617 1288 2689 Schleierma·
1348 2603 1350 2606 ’

100 2720 227 2798 cheres,
248 2718 500 2790 euctisrdemum
514 2718 712 2805 voluptatum
727 2717 886 2786 illecebris
902 2723 1053 2788 virtutem
1066 2741 1100 2786 se
1116 2725 1286 2790 estendere

99 2844 251 2899 monens,
285 2822 330 2914 lta
359 2843 470 2892 omnes
496 2824 629 2890 virtutes
659 2843 699 2888 ex
729 2822 928 2908 aegritudine
957 2823 1095 2910 quadem
1128 2825 1226 2890 animi
1255 2835 1288 2897 et

99 2931 216 2995 morbo
246 2925 403 3011 originem
424 2923 594 3004 heberent,
626 2926 718 3012 quasi
738 2929 773 2994 in
794 2926 877 2992 viam
899 2927 1286 3015 reducereschleierme·

101 3036 235 3100 cbeeum
257 3038 289 3096 et
311 3033 438 3108 decere,
457 3047 526 3100 'non
548 3049 617 3096 esse
634 3029 711 3094 baec
734 3030 816 3094 dicta
838 3032 935 3096 animi
958 3051 1053 3096 ceusu
1075 3035 1106 3096 et
1127 3041 1162 3096 ut
1183 3032 1286 3120 expli-

99 3144 228 3204 caretur
257 3133 297 3200 iis
326 3133 428 3222 prime
456 3134 580 3200 virtutis
609 3133 713 3219 erige.
755 3136 844 3206 Idem
867 3133 934 3201 sinc
955 3135 1074 3214 idonee
1095 3145 1284 3220 argumento

98 3241 196 3306 sumit
224 3240 360 3306 fortasse
388 3258 454 3307 nen
475 3240 559 3308 serie
580 3236 702 3304 laudari
722 3239 836 3324 rudem
843 3238 956 3314 istem,
971 3257 1030 3303 nec
1046 3238 1202 3320 excultam
1223 3265 1284 3311 rec.

99 3345 243 3418 λιτείαν,
272 3341 422 3426 quoniam
451 3345 483 3408 in
512 3361 549 3406 ca
576 3342 691 3408 emnia,
705 3339 869 3418 deficiant,
900 3363 981 3426 quae
1003 3340 1164 3418 desiderio
1186 3344 1284 3424 animi

98 3456 195 3532 etque
217 3444 556 3522 rationis-eutitianam
574 3447 706 3538 possint
757 3448 836 3510 Nem
865 3466 945 3530 quae
974 3444 1284 3538 Schleiermaeherus

99 3551 272 3624 desiderat,
294 3570 331 3615 ea
352 3552 464 3623 abesse
486 3550 648 3622 debebant
668 3569 686 3613 a
709 3547 834 3626 eiyitate
857 3569 904 3626 ea,
927 3547 1016 3621 cuius
1031 3550 1282 3639 nonpersectcm

97 3654 349 3730 absolutionem,
377 3657 433 3722 sed
461 3653 617 3738 originem
639 3654 773 3738 primam
796 3659 927 3720 naturae
950 3655 1074 3738 legibus
1098 3676 1193 3742 quam
1215 3679 1282 3724 mm
1389 3721 1392 3736 ,

97 3763 183 3826 xime
206 3766 464 3834 mesenensem,
486 3751 617 3838 ποιήσει
640 3759 675 3822 δὲ
697 3751 717 3837 ἡ
740 3750 882 3847 ἡμετέρα
901 3757 1014 3848 χρεία,
1038 3760 1128 3828 Plato
1151 3759 1281 3826 volebat

99 3862 294 3934 describere.
336 3861 549 3938 Aclcudatur
570 3860 631 3928 iste
652 3867 750 3929 status
770 3881 836 3929 uon
856 3860 902 3924 ita
924 3867 1073 3955 tanqupm
1096 3883 1169 3936 eum
1192 3864 1282 3946 Plptc

98 3967 364 4054 pet-lectissimum
389 3967 522 4040 iudicet,
545 3967 601 4032 sed
621 3965 691 4050 ipsa
711 3966 817 4049 petius
839 3963 1047 4050 cupiditatum
1069 3965 1283 4052 voluptatum-

99 4093 161 4155 que
184 4071 387 4136 mediccritas
407 4067 565 4144 laudetur,
577 4088 668 4152 duee
689 4068 730 4130 sit
749 4069 868 4142 sanitas
883 4069 1050 4154 quaedam.
1097 4071 1162 4133 Nec
1176 4073 1281 4156 potuit

98 4173 187 4240 Plato
216 4176 279 4242 elia
306 4174 431 4248 ratione
459 4173 493 4236 in
513 4175 574 4236 bac
601 4171 736 4237 civitatis
758 4171 969 4256 descriptione
991 4173 1130 4249 versari,
1163 4175 1190 4238 si
1212 4181 1281 4238 tan-

101 4301 194 4366 quam
215 4299 276 4367 per
296 4279 428 4364 gradus,
454 4297 514 4347 nec
536 4277 806 4354 animadvertente
825 4274 975 4358 lectore„
992 4278 1033 4346 ad
1054 4278 1156 4367 ipsam
1172 4275 1280 4365 perle-

1090 4383 1111 4455 i
