3298 5232
859 399 1090 464 atet-

387 555 415 622 si
444 575 513 621 eam
541 575 612 623 reni
642 554 751 622 utilem
780 575 850 623 esse
880 567 984 644 putet,
1016 560 1235 644 maioremque
1267 557 1343 622 inde
1378 557 1471 640 operi
1502 553 1564 640 ipsi

387 657 615 743 perfectionem
642 661 803 726 conciliari
824 669 954 742 statuat,
984 661 1140 729 stantem
1163 662 1318 728 eiusmodi
1343 660 1504 728 simulatio
1524 695 1566 708 -

387 766 473 848 quod
496 763 640 850 accipere
662 773 820 848 eoguntur
840 765 1027 853 interpretes
1048 757 1090 817 -’
1108 782 1172 853 per
1194 785 1305 831 omnes
1328 767 1437 848 operis
1457 769 1567 850 pa'rtes

388 867 561 951 aequaliter
594 870 796 934 continuetur
826 878 858 934 et
885 891 924 934 ne
957 870 1134 953 explicetur
1161 872 1288 957 quidem
1318 877 1373 934 aut
1401 867 1565 944 solvatur,

386 977 453 1035 tuni
483 988 636 1038 summam
661 989 768 1037 rerum
790 975 932 1039 omnium
951 977 1226 1057 perturbationem
1251 972 1330 1039 oriri
1351 991 1484 1038 neeesse
1510 980 1568 1052 est,

385 1093 445 1139 uae
470 1071 540 1140 fieri
564 1083 683 1160 potest,
714 1085 750 1143 ut
771 1077 841 1162 quis
861 1087 949 1144 recte
972 1079 1132 1162 dispiciat,
1169 1080 1245 1163 quid
1271 1097 1346 1143 rere
1371 1083 1565 1161 quaeratur,

386 1185 440 1243 ant
464 1197 527 1263 quo
554 1181 617 1244 siut
641 1181 752 1251 ordine
779 1181 898 1266 dialogi
924 1190 1032 1266 partes
1059 1183 1241 1269 dispositae.
1285 1183 1380 1258 Quod
1409 1180 1437 1246 si
1465 1178 1568 1264 igitur

386 1283 457 1366 quis
477 1301 536 1347 noa
559 1284 603 1348 ita
624 1285 809 1370 impugnare
831 1285 920 1361 velit,
949 1294 985 1352 ut
1010 1287 1108 1363 dicat,
1139 1301 1201 1351 nos
1226 1284 1394 1351 dissentire
1424 1279 1466 1348 ab
1495 1281 1565 1369 ipso

386 1384 516 1450 Platone
539 1387 632 1451 toties
654 1390 810 1473 repetenti
828 1381 979 1454 iustitiam
1000 1392 1179 1476 essequod
1198 1396 1341 1474 quaerat,
1369 1389 1487 1454 eodem
1504 1407 1567 1452 ,nos

386 1487 450 1554 telo
470 1489 621 1556 adversus
641 1471 725 1556 lione
745 1493 847 1577 ipsum
865 1501 999 1582 utemur,
1025 1511 1098 1560 eum
1112 1489 1223 1579 'ipsum
1248 1513 1267 1557 a
1292 1491 1423 1558 Platone
1444 1493 1568 1556 dissen-

386 1591 446 1656 tire
470 1595 636 1670 doeentes,
671 1597 727 1678 qui
751 1600 845 1661 toties
872 1605 1010 1680 repetat,
1045 1617 1080 1662 se
1102 1617 1171 1662 eam
1199 1594 1241 1663 ob
1263 1615 1391 1661 eausam
1420 1598 1505 1659 hanc
1529 1598 1567 1659 de

386 1693 582 1781 philosophis
609 1705 640 1762 et
663 1696 744 1763 ideis
764 1701 1008 1782 disputationem
1034 1699 1215 1776 instituisse,
1240 1703 1326 1785 quod
1347 1701 1379 1764 iu
1402 1717 1442 1764 ea
1462 1718 1501 1764 re
1524 1700 1566 1763 ei·

364 1785 490 1865 'vitatis
520 1799 651 1866 salutem
682 1804 818 1885 positam
843 1823 914 1869 esse
937 1802 1286 1888 persuasumhabeat,
1316 1811 1349 1868 et
1373 1823 1410 1868 ea
1436 1801 1566 1888 quidem

385 1904 629 1981 asseveratione
652 1925 714 1990 qua
730 1927 885 1991 nusquam
905 1909 1014 1984 utitur,
1040 1929 1137 1993 quum
1153 1909 1230 1973 dicit
1249 1927 1283 1973 se
1298 1907 1449 1972 iustitiam
1468 1927 1567 1991 quae·

385 2025 459 2072 rere
477 2007 569 2083 velle,
591 2025 686 2093 quam
706 2007 775 2076 eius
792 2011 1024 2076 simulationem
1044 2031 1141 2095 saepe
1158 2011 1267 2077 falsam
1289 2009 1564 2094 deprehendimus.

385 2112 472 2175 llaec
495 2130 574 2175 vero
591 2121 673 2195 quae
691 2115 732 2176 de
754 2112 949 2198 philosophis
972 2121 1148 2193 asseverat,
1174 2115 1341 2182 verissima*
1364 2115 1489 2200 ubique
1512 2117 1567 2179 de·

385 2209 635 2299 prehendentem
672 2217 710 2280 ld
733 2214 832 2300 igitur
859 2201 1031 2284 seeundum
1056 2222 1137 2285 hanc
1161 2211 1289 2305 quidem
1316 2222 1567 2302 argumentatio-

384 2334 457 2382 nem
491 2320 666 2383 eeneedere
694 2327 848 2403 cogentur
881 2323 1073 2400 adversariis
1107 2323 1249 2410 ipsorum
1279 2323 1468 2388 sententiani
1501 2339 1565 2387 uon

385 2419 485 2506 mapa
519 2437 630 2487 reram
669 2435 738 2494 esse
785 2442 881 2508 mam
925 2433 1080 2503 nosram,
1126 2444 1223 2512 quum
1259 2425 1369 2492 eadem
1413 2429 1565 2492 adversus

384 2526 480 2611 ipses·
503 2525 565 2591 diei
594 2527 732 2612 possuit,
764 2545 845 2614 quae
865 2537 994 2595 nestrae
1015 2531 1212 2608 sententiae,
1252 2528 1375 2595 etiamsi
1397 2527 1478 2594 falsa
1498 2549 1566 2596 om-

386 2629 477 2704 niuo,
503 2632 676 2714 praecipue
704 2626 894 2718 opponant(
921 2635 985 2699 Sed
1007 2635 1194 2721 pergamuse
1226 2629 1312 2700 ἀλλὰ
1339 2630 1379 2715 δὴ
1409 2633 1485 2698 τίνα
1515 2635 1566 2698 te

386 2755 456 2818 γεις
476 2728 599 2823 τρόπον
620 2735 678 2815 τῆς
701 2736 909 2835 διαγραφῆςῑ
936 2724 1195 2822 Λαβόντες,·ἦν
1224 2731 1254 2805 δ’
1279 2733 1353 2824 ἐγὼ,
1383 2727 1491 2827 ὥσπερ
1513 2737 1565 2802 πί·

386 2857 472 2903 veeste
500 2831 598 2903 otto
618 2856 653 2902 te
674 2843 728 2904 καὶ
750 2835 824 2921 ἤθη
846 2835 1031 2930 ἀνθρώπων
1052 2842 1182 2930 πρῶτον
1202 2836 1447 2929 μέν’καθαράν
1468 2836 1565 2920 nosri-

386 2957 480 3006 oeceo
505 2932 615 3020 tiu-3
641 2936 679 3006 orl
708 2937 794 3009 πάνυ
823 2938 954 3034 ῥᾴδιον·
987 2939 1055 3010 ἀλλ’
1081 2931 1141 3011 οὖν
1168 2934 1281 3022 οἶσθ’,
1317 2935 1370 3011 ὅτι
1392 2938 1501 3034 τούτῳ
1525 2937 1565 3008 dv

386 3038 492 3121 εὐθὺς
521 3044 586 3110 τῶν
615 3040 724 3111 ἄλλων
754 3048 945 3132 διὲνεχκεῖν,
980 3047 1027 3140 τῷ
1058 3043 1139 3136 μήτε
1173 3041 1305 3115 ἰδιώτου
1325 3042 1407 3136 μήτε
1438 3043 1565 3124 πόλεως

386 3147 551 3228 ἐθελῆσαι)
578 3143 618 3214 dv
647 3139 817 3242 ἅψασθαι
838 3152 921 3237 μηδὲ
941 3146 1085 3244 γράφειν
1105 3146 1242 3238 νόμους,
1270 3155 1347 3248 ’πρὶνΙ
1368 3146 1390 3232 ἢ
1410 3153 1565 3236 παραλα-

384 3253 455 3336 βεῖν
469 3247 631 3341 καθαρὰν
645 3248 666 3332 ἢ
681 3247 776 3319 αὐτοὶ
791 3255 938 3334 ποιῆσαι.
952 3253 1031 3322 ΛΚαὶ
1047 3247 1164 3344 ὀρθῶς
1177 3249 1217 3340 γ’,
1230 3253 1305 3345 ἔφη.
1322 3252 1369 3321 Gl-
1386 3275 1419 3338 p.
1434 3257 1511 3329 5⁰1,
1528 3258 1563 3318 A.

384 3355 693 3421 mensurationem
707 3354 740 3420 in
755 3360 920 3423 condenda
933 3356 991 3422 hae
1005 3358 1144 3444 perlecta
1155 3357 1282 3424 civitate
1299 3361 1458 3423 Socratem
1473 3375 1566 3422 seeu-

384 3466 452 3524 tum
468 3458 620 3525 ridemus.
656 3457 703 3529 ct
717 3458 772 3524 lib.
790 3455 846 3524 111ss
863 3481 896 3544 p.
914 3463 988 3526 399.
1006 3469 1086 3531 extr.
1102 3463 1146 3526 St.
1190 3463 1464 3527 Hoe'autemloco
1479 3464 1567 3525 subit

385 3580 555 3648 quaerere,
593 3583 669 3629 num
698 3566 777 3628 haec
802 3562 843 3628 de
874 3564 1047 3646 Republica
1079 3565 1249 3652 disputatio
1277 3572 1396 3632 tantam
1425 3564 1565 3630 iustitiae

384 3666 589 3734 illustrandae
620 3685 713 3733 causa
739 3668 881 3739 instituta
906 3668 1012 3734 rideri
1038 3672 1158 3753 possit,
1195 3676 1249 3734 ant
1277 3689 1352 3734 uum
1380 3668 1565 3733 verosimile

385 3771 445 3847 sit,
488 3773 666 3838 Platonem·
694 3770 930 3862 Rempublieam
972 3790 1028 3837 sna
1071 3771 1200 3858 quidem
1243 3791 1341 3836 causa
1380 3769 1565 3838 describere

384 3873 539 3952 voluisse,
575 3879 673 3963 quom
705 3884 811 3940 tamen
838 3875 900 3940 sibi
925 3893 1110 3960 persuasum
1142 3874 1275 3942 haberet
1302 3873 1373 3940 lieri
1400 3893 1471 3940 eam
1497 3895 1565 3941 non

384 3999 491 4064 posse,
514 3997 586 4045 eum
607 3989 727 4046 tantum
750 3969 784 4044 in
800 3977 895 4043 linem
910 3987 946 4044 ut
960 3980 1165 4064 perfectionis
1180 3977 1343 4062 exemplar
1358 3989 1564 4066 proponeret,

384 4086 418 4150 in
444 4101 508 4169 qua
536 4086 641 4150 omnia
663 4092 727 4149 tan
755 4081 930 4167 prudenter
958 4083 1190 4161 insttuuntar,
1209 4091 1258 4150 *ut
1282 4074 1507 4169 philosophum
1535 4089 1566 4148 et

324 4231 327 4242 ι
385 4207 482 4254 sanae
502 4185 647 4276 podtiees
668 4194 701 4253 et
721 4186 873 4254 historiae
889 4185 1017 4273 egregie
1030 4203 1203 4254 memorem
1218 4185 1317 4252 luisse
1330 4188 1435 4273 quivis
1451 4195 1565 4272 sponte

384 4291 557 4361 concedat?
600 4293 678 4359 llam
702 4290 968 4378 quemadmodum
992 4293 1137 4378 moyses,
1159 4289 1205 4360 ln
1230 4291 1328 4360 multo
1356 4290 1419 4359 alia
1446 4285 1562 4370 emsa,
