3296 5232
886 347 1116 436 ε-εεν-

413 549 460 618 γε,
483 515 507 598 ῶ
528 523 681 624 μακσίριε,
713 503 752 612 ἡν
774 523 805 596 d'
830 525 901 625 έμῶ,
924 524 1106 611 ἐπιτήδειον
1127 525 1287 612 ζητεῖνέν
1309 523 1391 624 αῦτῇ
1412 530 1564 613 πολιτείαν,
1607 512 1608 524 ¹

419 635 460 703 Ti
481 630 538 718 δὴς
565 627 646 702 ‘'Otc
666 628 872 720 πόνταμένη
894 634 1064 700 πολιτειῶν
1086 631 1150 720 ἔχει
1172 629 1227 699 διὰ
1249 629 1309 714 τὴν
1330 633 1493 716 ἐξουσίαν,
1513 641 1564 701 καλ

414 732 646 806 κινδυνεύει
679 738 729 830 τῶ
761 739 1010 828 βουλομένην
1033 730 1160 802 πόλιν
1192 732 1564 861 κατασκευάζεινί

413 841 483 910 νῦν
505 838 552 923 δη
574 836 693 928 ἡμεῖς
715 841 955 926 ἐποιοῦμεν,
986 834 1168 924 ἀναγκαῖον
1191 830 1274 907 εἶναι
1296 834 1342 918 εἰς
1363 842 1564 930 δημοκρατου-

411 945 510 1032 μένην
531 939 669 1013 ἐλθόντι
690 937 829 1010 ndlcv‘
809 967 846 1021 ος
876 939 931 1010 ἂν
938 937 1041 1009 αὐτὸν
1063 938 1184 1036 ἀρέσκῃ
1206 938 1342 1052 τρόπος,
1366 943 1482 1010 τοῦτον
1500 946 1564 1010 iuli-

414 1039 604 1129 ξασθαι,“’
579 1072 685 1168 ωσμερ
707 1043 753 1126 είς
774 1039 1044 1113 παντοπώλιον
1024 1050 1214 1137 ατμικομένῳ
1212 1043 1412 1126 πολιτειῶν,
1435 1072 1487 1112 και
1477 1049 1563 1113 έκλε-
1607 1033 1608 1038 ¹

413 1151 556 1244 ξαμένῳ,
589 1141 674 1218 οῦτοι
697 1150 899 1230 κατοικιζειν·.
934 1145 1033 1226 Ἴσως
1064 1151 1159 1234 γοῦν,
1195 1149 1276 1242 ἔφη,
1314 1144 1373 1216 οῦκ
1400 1145 1442 1216 dv
1469 1145 1566 1237 ἄποροί

412 1249 697 1345 παραδειγμάτων.
743 1253 807 1319 Cur
833 1257 947 1318 verba:
978 1245 997 1316 ό
1026 1235 1082 1318 νῦν
1111 1248 1151 1334 δὴ
1177 1247 1268 1338 ἡμεῖς
1291 1253 1480 1339 ἐποιοῦμεν,
1504 1275 1563 1337 qnae

412 1358 592 1424 necessaria
622 1359 752 1423 omnino
776 1371 840 1421 non
869 1369 954 1431 suut,
984 1355 1091 1420 addita
1111 1361 1300 1442 putemusr
1323 1359 1389 1422 Nos
1410 1374 1474 1421 non
1494 1359 1563 1421 alan

413 1461 506 1528 huius
539 1461 587 1527 rei
619 1480 746 1526 causam
769 1461 964 1538 invenimus,
1002 1481 1096 1544 quam
1122 1463 1207 1544 quod
1241 1463 1386 1525 Socrates
1416 1459 1487 1524 lruic
1512 1459 1564 1524 loco

413 1564 567 1652 quaedam
595 1566 684 1650 quasi
706 1563 838 1648 vestigia
860 1563 1040 1648 imprimere
1062 1565 1216 1638 voluerit,
1243 1583 1461 1654 quae-uerum
1484 1563 1563 1648 operis

413 1666 508 1734 linem
523 1667 708 1741 indicarent
731 1675 947 1752 attentumque
968 1666 1131 1742 lectorem,
1155 1667 1208 1752 qui
1223 1669 1453 1734 recordaretur
1466 1685 1563 1731 omnen

413 1770 514 1836 adhuc
541 1773 680 1836 habitum
704 1791 883 1836 sermonem
904 1772 937 1834 in
958 1769 1083 1835 civitate
1105 1789 1182 1834 vere
1201 1776 1361 1835 versatum
1383 1791 1456 1835 esse
1478 1773 1562 1834 adver
1607 1827 1608 1832 ,

416 1883 523 1940 terent
547 1873 684 1959 quidem,
712 1896 776 1940 non
797 1880 901 1940 tamen
920 1873 1075 1938 violenter
1095 1873 1241 1939 tollerent
1262 1877 1400 1962 speciem
1423 1877 1462 1939 de
1484 1871 1608 1960 operis
1607 1919 1608 1924 ι

411 1977 474 2043 line
500 1980 676 2044 excitatam.
721 1982 798 2042 Nam
828 1997 893 2043 non
918 1977 1004 2062 loqui
1030 1976 1184 2042 hocloco
1210 1981 1372 2043 Socratem
1403 1976 1444 2043 de
1465 1976 1561 2042 civitate

412 2081 618 2146 inveniendae
636 2080 773 2146 iustitiae
792 2101 898 2156 causa,
924 2079 981 2145 sed
1002 2079 1183 2146 decivitate
1202 2103 1259 2145 sua
1278 2103 1372 2146 causa
1385 2081 1560 2155 instituenda,
1607 2075 1608 2122 t

413 2183 557 2270 quemvis
571 2186 692 2250 verba
683 2205 752 2266 apsa
767 2187 935 2248 docebunt.
964 2186 1053 2263 «Qut
1063 2187 1221 2260 ciuitatem,
1236 2185 1343 2268 inquit,
1360 2185 1560 2249 ταπιίετινιλλν

412 2317 454 2336 *-
477 2287 522 2379 τῷ
542 2287 732 2378 βουλομένῳ
754 2281 851 2352 πόλιν
872 2283 1125 2368 κατασκευάζειν
1146 2291 1178 2352 h.
1201 2310 1229 2353 e.
1252 2289 1328 2353 ve'ro
1350 2290 1498 2361 condere,
1517 2305 1560 2350 uon

412 2389 541 2456 alterius
572 2392 618 2455 rei
649 2389 856 2477 explicandae
883 2391 983 2476 gratia
1013 2391 1194 2457 describere
1209 2427 1251 2441 -
1274 2390 1384 2476 «quod
1411 2393 1501 2456 modo
1522 2405 1560 2452 nos

411 2493 569 2560 lecimus»
601 2529 643 2543 -
666 2488 685 2560 ῦ
705 2495 764 2560 νῦν
792 2491 832 2575 δὴ
861 2489 955 2578 ἡμεῖς
976 2495 1147 2582 ἐποιοῦμεν
1168 2497 1290 2562 -cei
1317 2495 1421 2560 videri
1449 2511 1560 2559 necessa-

411 2599 494 2664 rium
510 2618 579 2664 esse
593 2600 721 2663 intranti
739 2595 773 2662 in
794 2600 1036 2663 democraticam
1052 2600 1209 2672 civitatem
1226 2600 1258 2663 id
1280 2598 1475 2685 reipublicae
1489 2611 1560 2680 genus

413 2701 531 2786 eligere
551 2704 636 2787 quod
660 2701 722 2784 ipsi
744 2701 883 2784 placeat3
913 2721 983 2766 esse
1009 2701 1092 2766 enim
1115 2706 1195 2767 hanc
1218 2703 1374 2767 civilatem
1397 2703 1484 2790 quasi
1503 2719 1560 2762 nun-

413 2803 501 2870 dinas
527 2804 684 2869 civitatum
707 2804 809 2870 omnis
830 2805 992 2890 generis.»
1037 2808 1108 2872 Non
1126 2808 1393 2890 praetereundum
1410 2823 1486 2871 vero
1499 2797 1560 2888 quod
1607 2875 1608 2880 1

411 2907 476 2973 iam
493 2907 645 2993 legimus:
671 2902 721 2973 Ἡ
737 2911 772 2974 δὲ
795 2904 967 2995 συγγνώμη
989 2913 1043 2974 κἀλ
1065 2904 1138 2976 odd'
1164 2903 1348 2975 ὁπωστιοῦν
1370 2903 1560 2997 σμικρολογία
1607 2909 1608 2986 l

394 3006 529 3093 αὐτῆς,
565 3005 651 3077 ἀλλὰ
687 3006 937 3132 καταφρόνησις
973 3001 1016 3080 ῶν
1052 3007 1144 3099 ἡμεῖς
1177 3013 1326 3099 ἐλέγομεν
1362 3007 1559 3098 σεμνύνοντες,

412 3106 479 3182 ὅτε
514 3110 586 3236 τὴν
618 3109 736 3181 πόλιν
769 3110 990 3206 ῶκίζομεν,
1030 3111 1072 3193 ῶς
1101 3111 1131 3180 εἰ
1155 3109 1201 3201 μὴ
1228 3139 1277 3192 τις
1304 3108 1561 3236 ὑπερβεβλημένην

412 3209 514 3310 φῦσιν
546 3217 631 3304 ἔχοι,
661 3212 770 3284 οῦποτ
805 3213 858 3284 όιν
877 3221 1005 3303 γένοιτο
1035 3215 1117 3305 οίνὴρ
1145 3214 1299 3304 ἀγαθός,
1328 3213 1361 3284 εί
1378 3215 1426 3305 μὴ
1446 3208 1561 3294 παῖςῶν
1607 3247 1608 3284 ι

411 3317 517 3400 εὐθὺς
545 3322 654 3402 παίζοι
684 3322 718 3387 ἐν
746 3325 860 3398 καλοῖς
882 3327 937 3386 καλ
959 3317 1142 3404 ἐπιτηδεύοι
1163 3318 1368 3388 τὰτοιαῦτα
1389 3317 1509 3398 πάντα,
1532 3310 1560 3391 dt

411 3423 664 3512 μεγαλοπρεπῶς
699 3418 948 3505 καταπατήσαό
980 3415 1113 3492 ἅπαντα
1146 3425 1251 3491 ταῦτα
1283 3420 1378 3492 ovidio
1345 3423 1560 3518 ἑνιμροντίζει,

411 3528 445 3608 έξ
465 3522 587 3594 ὁποίων
613 3522 655 3592 ῶν
682 3549 731 3604 τις
760 3523 1023 3614 ἐπιτηδευμάτων
1049 3530 1102 3594 ini
1124 3525 1164 3594 τὰ
1186 3525 1340 3595 πολιτικόν
1364 3524 1422 3595 idm
1442 3521 1560 3615 πράττη,

411 3627 496 3697 ἀλλὰ
517 3631 610 3721 τιμᾷ,
636 3628 692 3696 ε’ὰν
714 3631 769 3723 φῇ
781 3626 884 3716 μόνον
906 3627 1019 3710 εὔνους
1040 3622 1125 3697 εἶναι
1148 3633 1192 3724 τῷ
1215 3627 1353 3713 πλὴθει.
1400 3633 1499 3710 Quum
1518 3631 1559 3693 ita.

413 3753 493 3818 quae
519 3733 558 3799 de
587 3736 701 3800 civium
727 3736 912 3802 educatione
938 3743 969 3800 et
991 3733 1185 3821 philosophis
1212 3757 1236 3800 s.
1261 3733 1439 3802 rectoribus
1452 3731 1560 3799 civitatis

414 3837 510 3913 dixit,
539 3858 579 3902 ex
604 3842 738 3904 adverso
760 3847 921 3923 ponantur
945 3839 1208 3904 democratiamm
1233 3839 1398 3912 institutis,
1429 3846 1514 3922 atquc
1531 3834 1560 3894 itt

413 3945 491 4007 haec
520 3942 639 4024 optima
669 3941 778 4006 civitas
807 3943 840 4006 in
870 3942 1032 4010 civitatum
1057 3944 1146 4027 quasi
1176 3942 1291 4010 seriem
1321 3949 1416 4028 atque
1444 3939 1560 4007 ordinent

412 4041 610 4120 includatur,
646 4065 750 4110 noune
778 4047 811 4109 in
834 4047 883 4110 his
906 4065 1013 4110 veram
1039 4045 1196 4112 civitatem
1226 4046 1387 4112 Platonem
1415 4049 1457 4112 ob‘
1476 4042 1559 4108 oculos

413 4146 561 4213 habuisse
586 4150 707 4224 statuis,
734 4170 794 4213 noc
815 4147 952 4214 iustitiae
971 4155 1091 4215 tantum
1112 4149 1316 4215 illustrandae
1337 4143 1559 4235 eausa-factam
1607 4210 1608 4238 3

413 4248 625 4318 Democratici
644 4251 703 4316 uiri
729 4256 821 4339 origo
848 4259 941 4340 atquo
963 4252 1087 4320 indoles
1109 4252 1298 4320 describitur
1320 4252 1393 4328 inde
1415 4273 1484 4337 ap·
1505 4245 1558 4316 558,
