3312 5238
896 416 937 434 ···
980 389 1042 459 11⁸
1084 425 1127 448 -ῳ

418 540 478 616 τὶν
506 538 647 634 δύναμιν
673 547 849 635 παρέσχεν,
882 537 963 614 aiore
988 549 1205 636 ἐγγενέσθαι,
1233 551 1289 618 καὶ
1307 546 1526 636 ’ἐγγενομένοις
1543 573 1572 637 γε

420 649 586 739 σωτηρίαν
606 653 778 739 παρέχειν,
806 651 927 740 ἕωςπερ
949 647 991 719 ἀν
1012 653 1075 746 ἐνῇ.
1104 653 1212 723 καίτοι
1234 651 1360 743 ἔφαμεν
1381 646 1573 735 δικαιοσύνην

417 753 560 823 ἔσεσθαι
582 749 623 828 τὸ
642 747 851 845 ἀπολειφθὲν
874 753 1009 834 ἐκείνων,
1031 751 1062 822 εἰ
1081 753 1123 822 τά
1144 756 1220 842 τρία
1243 746 1402 845 εὕροιμεν.
1443 753 1572 846 Καὶγάρ

417 851 557 943 ἀνάγκη,
587 855 660 950 ἔφη.
698 850 809 922 'Aoni
829 858 956 944 niveos,
986 843 1028 939 ἦν
1050 853 1083 924 δ’
1109 855 1185 944 ἐγὼ,
1215 855 1246 926 εἰ
1265 861 1333 926 δέοι
1355 884 1390 945 γε
1413 864 1531 949 κρῖναι,
1550 861 1573 926 τύ

416 955 477 1042 τὴν
504 953 601 1026 πόλιν
629 953 707 1046 ἡμῖν
734 953 857 1028 τούτων
885 955 1034 1047 μάλιστα
1061 957 1201 1048 ἀγαθὴν
1223 957 1444 1053 ἀπεργάσεται
1466 957 1573 1048 ἐγγενύ·

415 1085 531 1151 μενον,
556 1057 730 1153 δύσκριτον
752 1057 793 1128 ἀν
815 1063 879 1144 εἴη,
902 1058 1041 1154 πότερον
1062 1059 1083 1146 ἡ
1106 1060 1263 1152 ὁμοδοξία
1286 1066 1349 1134 τῶν
1370 1060 1529 1152 ἀρχόντων
1548 1091 1574 1132 τε

416 1170 473 1233 καὶ
500 1161 703 1254 ἀρχομένων,
732 1160 753 1246 ἢ
776 1159 797 1246 ἡ
818 1171 891 1255 περὶ
915 1168 1027 1235 δεινῶν
1051 1191 1085 1234 τε
1107 1173 1162 1234 καὶ
1184 1164 1246 1254 μὴ,
1276 1160 1363 1236 ἀττα
1386 1171 1468 1250 ἐστὶ,
1494 1164 1574 1252 δόξης

416 1263 553 1357 ἐννόμου
581 1268 728 1355 σωτηρία
755 1270 789 1338 ἐν
815 1273 886 1348 τοῖς
908 1265 1128 1358 στρατιώταις
1149 1273 1356 1358 ἐγγενομένη,
1385 1268 1406 1353 ἢ
1428 1266 1447 1353 ἡ
1469 1272 1500 1338 ἐν
1519 1277 1574 1349 τοῖς

415 1369 557 1462 ἄρχουσι
577 1366 738 1463 φρόνησίς
759 1395 793 1438 τε
814 1377 870 1438 καὶ
893 1370 1025 1464 φυλακὴ
1040 1375 1169 1454 ἐνοῦσα,
1190 1369 1212 1442 ἀ
1232 1376 1329 1442 τοῦτο
1346 1369 1493 1461 μάλιστα
1506 1369 1574 1460 ἀγα·

415 1472 487 1557 θὴν
517 1470 620 1556 αὐτὴν
647 1477 737 1544 ποιεῖ
761 1471 833 1545 ἐνὸν
854 1480 910 1542 καὶ
939 1478 973 1544 ἐν
998 1478 1091 1545 παιδὶ
1120 1482 1176 1546 καὶ
1202 1479 1235 1546 ἐν
1256 1483 1386 1564 γυναικὶ
1408 1483 1463 1546 καὶ
1484 1475 1574 1569 δούλῳ

416 1583 472 1646 καὶ
501 1579 666 1668 ἐλευθέρῳ
695 1583 750 1646 καὶ
779 1578 968 1670 δημιουργῷ
996 1584 1052 1645 καὶ
1080 1576 1216 1668 ἄρχοντι
1244 1587 1299 1650 καὶ
1325 1578 1508 1674 ἀρχομένῳ,
1533 1573 1574 1648 ὅτι

414 1679 454 1750 τὸ
487 1677 599 1754 αὐτοῦ,
623 1684 760 1760 ἕκαστος
792 1675 837 1760 εἷς
868 1677 913 1748 ὢν
946 1680 1085 1770 ἔπραττε
1118 1688 1174 1750 καὶ
1208 1679 1267 1754 οὐκ
1299 1678 1574 1774 ἐπολυπραγμόνει.

418 1779 617 1876 Λύσκριτον,
645 1783 719 1877 ἔφη’
747 1784 815 1862 πῶς
837 1779 874 1850 d'-
900 1780 957 1868 οὕς
981 1779 1177 1873 Ἔνάμιλλσν
1199 1784 1284 1878 ἀρα,
1314 1783 1358 1866 ὡς
1379 1787 1482 1869 ἔοικε,
1507 1785 1574 1878 πρὸς

414 1883 532 1978 ἀρετὴν
559 1883 683 1966 πόλεως
710 1889 750 1981 τῇ
777 1912 810 1954 τε
839 1888 946 1978 σοφίᾳ
975 1884 1077 1970 αὐτῆς
1104 1895 1159 1956 καὶ
1188 1891 1228 1982 τῇ
1255 1887 1454 1987 σωφροσύνῃ
1476 1897 1527 1958 καὶ
1544 1891 1574 1984 τῇ

414 1987 548 2081 ἀνδρείᾳ
577 1985 598 2072 ἡ
628 1992 688 2058 τοῦ
717 1994 856 2058 ἕκαστον
885 1992 918 2057 ἐν
944 1986 1027 2085 αὐτῇ
1056 1987 1098 2057 τά
1127 1988 1232 2072 αὑτοῦ
1260 1989 1417 2082 πράττειν
1439 1991 1573 2082 δύναμις.

413 2096 486 2162 Καὶ
505 2088 618 2181 μάλα,
646 2091 720 2186 ἔφη.
768 2089 893 2161 Οὐκοῦν
915 2089 1127 2177 δικαιοσύνην
1149 2091 1187 2165 τό
1207 2122 1244 2185 γε
1265 2093 1396 2176 τούτοις
1419 2094 1574 2184 ἐνάμιλλον

413 2193 455 2266 ἀν
477 2192 523 2274 εἰς
544 2191 810 2281 ἀρετὴνπύλεως
832 2196 945 2278 sisium
969 2193 1178 2266 Παντάπασι
1198 2208 1258 2287 μὲν
1279 2187 1348 2268 osio.
1392 2202 1441 2266 Cf.
1463 2224 1495 2286 p.
1515 2204 1573 2275 432,

412 2303 450 2379 Β.
471 2321 541 2388 sqq.
565 2301 612 2366 St.
655 2303 825 2386 Postquam
855 2298 963 2366 verbis
985 2292 1026 2380 ὥς
1048 2327 1084 2389 γε
1107 2297 1225 2372 οὑτωσὶ
1249 2299 1345 2385 δόξαι
1366 2304 1470 2374 innuit
1489 2307 1574 2378 Plato,

411 2425 476 2475 non
506 2424 575 2473 esse
602 2403 730 2489 plenam
755 2411 788 2469 et
808 2403 979 2490 perfectam
1000 2408 1114 2473 harum
1134 2424 1242 2472 rarum
1265 2403 1525 2490 explicationem,
1551 2409 1574 2466 et

412 2506 531 2577 debere
559 2507 653 2576 etiam
681 2508 856 2574 accuratius
883 2506 980 2574 trium
1002 2508 1153 2576 virtutum
1175 2506 1240 2575 vim
1261 2516 1354 2594 atque
1375 2515 1518 2575 naturam
1537 2506 1574 2572 in·

412 2610 535 2697 dagani,
558 2616 585 2678 si
606 2610 640 2678 id
661 2611 764 2680 solum
786 2620 906 2697 agatur,
929 2612 1005 2677 nihil
1020 2613 1083 2680 iam
1098 2612 1254 2700 reliquum
1270 2631 1339 2678 esse
1354 2610 1441 2693 dicit,
1464 2618 1574 2698 praeter

410 2715 572 2782 iustitiam.
617 2714 742 2786 Dictum
772 2715 857 2783 enim
884 2735 967 2790 esse,
997 2716 1147 2782 iustitiam
1173 2715 1243 2782 iore
1265 2714 1298 2781 id
1321 2713 1409 2800 quod
1430 2715 1573 2801 reliquum

411 2817 468 2894 sit,
499 2817 600 2884 tribus
628 2817 772 2890 inventis.
813 2823 910 2886 Recto
942 2826 1048 2886 umen
1076 2819 1398 2898 Schleiermacherus,
1432 2823 1493 2886 troo
1518 2825 1572 2882 tum

410 2924 538 2988 demum
560 2920 690 2988 concedi
710 2941 804 3009 posse
824 2930 927 3009 putat.
952 2922 980 2988 si
1001 2921 1172 3008 probatum
1193 2925 1252 3000 sit,
1284 2929 1421 3007 quatuor
1443 2927 1499 2988 has
1520 2920 1571 2988 vir

409 3031 493 3093 tutes
523 3024 653 3112 explere
682 3045 807 3092 omnem
835 3024 958 3092 virtutis
981 3023 1143 3092 ambitum.
1188 3029 1224 3094 Id
1252 3032 1358 3092 tamen
1385 3027 1502 3092 iactum
1522 3043 1573 3090 non

408 3149 488 3196 esse.
533 3127 579 3195 cf.
600 3149 670 3216 pag.
692 3131 764 3197 55i.
786 3137 852 3196 not.
877 3137 960 3216 etp.
985 3133 1037 3200 20.
1060 3127 1177 3198 introd.
1200 3165 1243 3183 -
1264 3129 1450 3198 venationis
1474 3138 1571 3202 autem.

409 3253 490 3319 quae
511 3232 666 3320 sequitur,
690 3234 874 3300 suavissima
895 3232 1029 3319 imagine
1044 3235 1077 3298 in
1090 3238 1174 3300 huno
1188 3233 1293 3317 ipsum
1306 3235 1412 3298 locum
1433 3233 1571 3300 lectorum

407 3338 509 3410 aciem
535 3335 674 3422 dirigere
700 3335 837 3404 voluisse
867 3334 994 3404 videtur
1021 3336 1246 3426 philosophus,
1275 3358 1316 3404 ne
1344 3338 1442 3404 totius
1472 3334 1572 3416 dialogi

406 3439 489 3509 ratio
510 3441 596 3526 ipsos
618 3439 779 3525 effugeret.
822 3443 943 3512 Eodem
966 3440 1043 3506 milri
1064 3440 1224 3527 pertinere
1246 3439 1393 3507 videntur
1414 3445 1474 3506 hae
1491 3440 1573 3506 lecto·

406 3564 477 3611 rum
500 3543 731 3610 admonitiones
752 3551 787 3610 ut
808 3542 967 3610 attendant
987 3565 1029 3610 ne
1051 3542 1194 3618 elabatur
1215 3544 1349 3620 iustitia,
1371 3543 1431 3610 hae
1454 3548 1571 3610 deorum

406 3667 538 3734 preces,
568 3646 629 3714 hae
657 3647 804 3736 querelae
826 3651 866 3714 de
888 3647 1006 3733 negotii
1033 3646 1229 3726 difficultate,
1255 3646 1336 3714 'haec
1357 3647 1476 3716 laetitia
1500 3640 1571 3730 quod

406 3749 531 3818 tandem
553 3750 722 3838 aliquando
744 3751 911 3838 vestigium
933 3749 1062 3839 aliquod
1076 3759 1233 3838 appareat,
1256 3750 1316 3818 hae
1330 3751 1570 3818 exclamationes.

405 3856 452 3922 Ac
482 3851 610 3920 subesse
637 3854 756 3943 aliquid
785 3855 942 3922 eiusmodi
968 3858 1041 3921 huic
1068 3855 1140 3922 loco
1168 3854 1262 3940 etiam
1293 3855 1569 3933 Schleiermachero

402 3954 559 4035 suboluit,
590 3959 645 4044 qni
669 3980 733 4026 non
753 3961 821 4034 sine
844 3979 953 4036 cama,
984 3957 1084 4028 tribus
1105 3959 1242 4028 inventis
1264 3960 1451 4033 virtutibus,
1481 3961 1569 4022 tantos

400 4067 530 4150 tamque
558 4060 709 4129 mirificos
738 4071 908 4152 apparatus
937 4083 1009 4128 cum
1043 4062 1210 4148 gemitibus
1235 4061 1315 4144 ⁴lieri
1346 4064 1511 4137 statuerit,
1541 4062 1569 4120 ut

401 4164 522 4234 iustitia
544 4165 668 4232 diversa
689 4187 707 4232 a
727 4167 859 4252 reliquis
880 4166 1068 4234 invenietur.
1119 4170 1197 4235 Nom
1226 4185 1290 4238 non
1317 4164 1409 4230 iacile
1439 4183 1507 4232 esse
1531 4163 1570 4224 in-

397 4272 513 4340 venire
544 4267 714 4338 discrimen
739 4269 822 4338 inter
847 4268 989 4358 priorem
1010 4263 1245 4363 σωφροσύνης,
1273 4277 1312 4336 et
1337 4272 1418 4337 hano
1444 4265 1567 4334 iustitiae
