3312 5238
555 401 785 466 -til-

79 561 199 630 tatibus
219 562 440 650 disputatione,
464 558 602 628 iustitiae
622 558 838 644 quaestionem
856 578 922 624 non
941 550 1075 634 absolvi,
1100 557 1156 622 sad
1169 543 1264 624 iusti·

78 668 144 732 tiae
178 662 380 759 ὑπογραφὴν
405 669 562 751 quandam
587 667 620 728 iu
648 682 686 729 ea
710 662 786 740 uiti3
821 661 956 749 denique
980 665 1040 728 ltac
1067 653 1206 733 iustitiae
1217 661 1261 730 ⁴iu

79 769 210 836 civitate
227 769 422 854 indagandae
442 769 566 836 ratione
587 787 656 832 rem
676 766 777 852 ipsam
790 761 863 832 ’νον
889 766 964 832 satis
983 759 1144 842 illottrari,
1157 777 1261 855 utiam

79 881 189 938 temen
210 873 254 940 ita
271 872 393 940 facilins
412 871 556 958 conspici
571 889 667 956 posse
688 879 781 936 antea
802 863 1027 936 declaraverat.
1073 869 1120 935 cf.
1142 869 1197 937 lib.
1218 871 1262 935 11:

79 997 112 1066 p.
136 980 212 1044 369.
236 975 287 1042 ed.
312 979 357 1046 St.
401 977 487 1054 Quid
510 997 550 1055 ex
570 977 624 1038 his·
643 973 788 1040 omnibus
807 982 891 1040 recte
910 973 1137 1060 pensitatis-de*
1152 974 1262 1059 operta

79 1090 271 1165 argumento
307 1087 401 1165 atque
429 1077 498 1144 -fine
533 1084 697 1165 sequatur,
725 1077 848 1145 vlector·
868 1077 1043 1164 intelligens
1075 1078 1146 1164 ipse
1177 1078 1262 1146 iudi·

81 1191 145 1249 cet.
185 1185 274 1261 Quae
294 1186 378 1250 enim
399 1191 472 1249 sunt
491 1186 526 1248 αἱ
549 1183 612 1248 τῶν
632 1181 826 1268 ἔμπροσθεν
846 1185 1086 1269 προειρημένων
1107 1177 1263 1269 ἑπόμεναι

81 1271 274 1368 ἀποδείξεις,
296 1286 412 1374 quibus
432 1287 549 1353 factum
570 1291 637 1361 est,
660 1293 696 1350 ut
712 1305 793 1369 quae
816 1287 855 1352 de
874 1283 1013 1352 iustitiae
1035 1283 1068 1352 vi
1090 1305 1127 1351 ao
1146 1293 1269 1364 natura,

81 1389 270 1458 dicebantur
299 1391 414 1472 ἐλλιπῆ
443 1397 549 1456 essent
576 1389 633 1470 τῆς
662 1383 833 1476 ἀκριβείας
856 1397 888 1454 et
909 1384 1029 1471 derisi?
1069 1390 1174 1468 Quae¹
1191 1395 1264 1456 sunt

80 1497 246 1580 μέθοδον.
280 1494 395 1579 quibus
427 1513 512 1560 nuno
538 1495 571 1557 in
599 1485 798 1558 semoribus
824 1493 941 1568 utitur,
972 1490 1091 1578 quibus
1117 1499 1263 1561 accurate

81 1599 162 1664 haec
193 1597 261 1683 ipsa
295 1617 348 1662 res
372 1618 436 1662 nou
465 1593 692 1682 explicabitur,
728 1617 798 1660 nee·
817 1596 998 1664 invenietur
1027 1599 1097 1684 ipsu
1111 1595 1261 1675 iustitia,

81 1709 315 1767 consentaneae
337 1709 444 1786 ‘tamen
466 1705 557 1766 antea
573 1699 665 1766 dictis
687 1695 719 1764 et
743 1699 915 1785 quaesitis?
959 1702 1038 1766 Sunt
1057 1709 1262 1787 argumenta,

82 1811 157 1870 suut
180 1805 338 1888 μέθοδον,
354 1801 580 1888 sermoni-qui
603 1807 645 1868 de
668 1801 794 1867 civitate
814 1801 949 1873 habitus-
970 1791 1193 1890 esttcongrua.

169 1909 249 1972 Tres
270 1909 366 1992 igitur
383 1905 496 1974 adesse
514 1904 611 1971 animi
629 1904 794 1972 facultates
813 1905 847 1970 in
864 1905 947 1972 hunc
965 1905 1097 1974 modam
1115 1905 1265 1992 probarit

84 2015 253 2078 Socrates:
271 1997 343 2100 Ἆρ’
368 1998 427 2078 οὖν
448 2005 540 2096 ἡμῖν,
570 1995 610 2090 ἦν
632 2004 664 2075 δ’
694 2006 771 2095 ἐγὼ,
798 2006 903 2092 πολλὴ
925 2005 1051 2097 ἀνάγκη
1074 2007 1262 2098 ὁμολογεῖν,

84 2105 137 2181 ὅτι
158 2139 196 2198 γε
218 2110 261 2180 τὰ
282 2107 368 2180 αὐτὰ
390 2115 423 2178 ἐν
445 2105 570 2204 ἑκάστῳ
592 2111 715 2181 ἔνεστιν
736 2107 917 2198 ἡμῶνεῖδη
939 2120 1050 2182 τεκαὶ
1068 2112 1156 2199 ἤθη,
1180 2107 1265 2208 ἅπερ

83 2219 116 2284 ἐν
140 2217 180 2311 τῇ
201 2212 312 2298 πόλεις
341 2211 380 2282 οὐ
393 2209 466 2301 γάρ
488 2239 554 2282 που
576 2211 726 2286 ἄλλοθεν
747 2217 846 2284 ἐκεῖσε
869 2211 1024 2306 ἀφῖκται.
1047 2222 1177 2303 γελοῖον
1197 2215 1273 2312 γὰρ

84 2317 125 2388 ἂν
147 2322 208 2400 εἴη,
231 2321 266 2386 εἴ
281 2345 330 2397 τις
353 2315 487 2401 οἰηθείη
508 2314 547 2385 τὸ
569 2321 750 2405 θυμοειδὲς
765 2315 811 2406 μὴ
833 2319 954 2388 ἐκτῶν
976 2318 1113 2404 ἰδιωτῶν
1135 2324 1169 2388 ἐν
1189 2327 1266 2401 ταῖς

83 2418 201 2490 πόλεσι
222 2425 405 2508 γεγονέναι,
427 2419 464 2488 οἳ
483 2418 523 2502 δὴ
545 2427 599 2488 καὶ
622 2421 732 2508 ἔχουσι
754 2418 876 2504 ταύτην
898 2421 956 2504 τὴν
977 2420 1105 2501 αἰτίαν,
1135 2418 1206 2492 οἷον
1234 2428 1268 2492 οἱ

83 2523 172 2594 κατὰ
200 2523 260 2608 τὴν
286 2521 419 2617 Θρᾴκην
448 2547 482 2592 τε
505 2529 566 2591 ’καὶ
597 2520 782 2606 Σκυθικὴν
809 2530 865 2592 καὶ
894 2521 1009 2613 σχεδόν
1037 2552 1067 2594 τι
1097 2521 1186 2595 auctis
1207 2523 1266 2596 ede

84 2627 152 2698 ἅνω
176 2625 297 2709 τόπον,
318 2626 340 2710 ἢ
360 2626 632 2717 τὸιφιλομαθίς,
656 2622 737 2710 ὃδὴ
759 2633 832 2717 περὶ
854 2625 911 2696 τὸν
932 2625 1007 2717 παρ’
1033 2625 1112 2719 ἡμῖν
1130 2625 1267 2718 μάλισθ

84 2730 127 2802 ἄν
148 2757 202 2811 τις
223 2726 414 2802 αἰτιάσαιτο
437 2726 556 2811 τόπον,
585 2728 605 2813 ἢ
633 2727 671 2798 τὸ
701 2726 966 2823 φιλοχρήματον,
995 2726 1110 2826 decept
1132 2730 1217 2814 rode
1230 2731 1269 2802 ce

90 2838 254 2914 Φοίνικας
286 2827 370 2902 εἶναι
396 2841 462 2902 ’καὶ
494 2833 570 2914 asnia
602 2832 689 2902 κατὰ
721 2837 896 2922 Αἴγυπτον
930 2837 1015 2930 φαίη
1048 2858 1108 2917 τις·
1130 2835 1173 2905 ἂν
1202 2833 1270 2928 ,οὐχ’

83 2933 222 3022 ἥκιστα.
260 2941 330 3006 Καὶ
343 2934 447 3028 μάλα,
470 2938 544 3031 ἔφη.
582 2940 689 3006 Τοῦτο
710 2947 771 3026 μὲν
791 2937 831 3021 δὴ
846 2931 958 3020 ὀὕτως
978 2941 1052 3029 ἔχει,
1075 2929 1114 3023 ἦν
1135 2937 1171 3008 δί·
1191 2939 1264 3028 ἐγὼ,

82 3048 141 3110 καὶ
165 3039 262 3110 οὐδὲν
279 3039 575 3130 χαλεπὸνγνεῧναι.
622 3039 668 3110 Οὐ
691 3043 784 3125 δῆτα.
829 3043 882 3108 cla
896 3043 952 3110 lib.
972 3043 1027 3112 lv.
1041 3065 1074 3132 p.
1089 3047 1164 3110 4δᾶ
1180 3052 1263 3112 extr.

84 3150 205 3234 stepha
240 3145 324 3224 Quid
351 3153 457 3212 autem
482 3145 582 3231 magis
606 3157 745 3212 nostram
771 3146 974 3225 senteutiam,
1003 3146 1153 3214 iustitiam
1166 3147 1269 3235 ⁴priate

83 3251 122 3316 in
149 3248 264 3336 animis
290 3249 503 3334 quaerendam
522 3249 621 3316 luisse
646 3269 741 3336 quam
759 3250 793 3317 in
818 3250 960 3328 ciuitate,
988 3247 1143 3329 firmabit,
1169 3273 1268 3338 quarn

84 3353 121 3419 id
153 3352 240 3440 quod
274 3353 362 3420 Plelo
396 3354 466 3440 ipse
499 3351 575 3418 dicit
604 3349 643 3419 τὸ
677 3357 856 3440 θυμοειδὲς
864 3403 873 3434 ,
910 3351 948 3421 τὸ
978 3357 1191 3446 φιλομαθὲς,
1226 3353 1265 3424 ’τὸ

85 3451 350 3549 φιλοχρήματον,
372 3459 427 3544 qui
449 3465 521 3522 sunt
541 3464 688 3542 ινοφιενι
708 3456 811 3524 sontes
830 3467 923 3544 atque
942 3459 1080 3546 origines
1101 3460 1262 3536 virtutum.

84 3581 127 3626 ex
158 3557 354 3644 singulorum
390 3559 503 3626 animis
535 3562 570 3624 in
600 3559 756 3644 civitatem
780 3561 997 3648 .perrenisset
1040 3565 1116 3631 Post
1139 3555 1264 3630 haece

83 3684 119 3750 p.
144 3664 208 3728 Ιι36
222 3699 264 3712 -
278 3661 352 3728 ttl.
372 3661 426 3728 ed.
449 3662 560 3747 steph.
586 3684 681 3748 quam
700 3661 771 3730 fieri
792 3672 897 3749 potest
921 3668 1155 3732 accuratissime
1172 3666 1265 3734 Plato

85 3766 307 3836 demonstrare
328 3775 484 3843 conaturs
502 3775 585 3841 tres,
611 3787 688 3852 quaa
714 3788 782 3833 esse
807 3767 990 3836 ostenderat
1013 3769 1111 3836 animi
1133 3768 1265 3836 faculta-

84 3879 148 3948 tes,
179 3869 410 3936 diversasesse
431 3891 450 3936 a
470 3889 516 3936 se.
561 3868 619 3944 lbi.
643 3864 741 3954 quum
761 3874 820 3938 τοῦ
842 3871 960 3958 θυμοῦ
981 3872 1046 3939 vim
1067 3880 1100 3940 et
1118 3877 1263 3940 daturam

86 3993 216 4043 omnem
239 3972 453 4060 descripsisset
478 3977 641 4050 Socrates,
674 3973 809 4052 Glauco,
836 3974 1060 4045 similitudinis·
1079 3979 1266 4064 quaeretur

85 4076 169 4144 hanc
188 4076 286 4146 animi
305 4075 484 4156 facultatem
504 4086 536 4142 et
557 4076 693 4144 militum
712 4081 857 4146 ordinem
873 4079 1093 4158 intercederet,
1119 4101 1261 4148 memma

85 4177 188 4250 Πάνυ
208 4187 269 4268 μὲν
290 4167 367 4264 οὖν,
384 4180 608 4267 inquisierat
630 4177 753 4273 rorico,
774 4172 810 4275 ᾧ
832 4184 953 4268 λέγεις’
984 4186 1092 4252 καίτοι
1113 4208 1154 4271 γε·
1169 4187 1205 4252 ἐν
1225 4184 1267 4277 τῇ

86 4279 243 4380 ἡμετέρη.
263 4278 357 4354 πόλει
387 4283 466 4368 τοὺς
496 4279 691 4377 ἐπικούρους
720 4276 827 4376 ὥσπερ
862 4281 962 4367 κύνας
997 4290 1156 4377 ἐθέμεθα
1182 4281 1266 4371 ὑπη·

1070 4430 1091 4494 9
