3298 5232
577 395 809 460 ..226-

102 543 205 634 εἷπον,
228 539 256 619 6
274 549 399 676 ἄριστε,
420 547 497 632 τούς
516 553 676 631 παῖδας
660 576 693 619 εν
715 555 785 632 τοῖς
801 548 1019 639 μαθήμασιν,
1042 549 1129 622 άλλύι
1150 554 1266 635 παίζον

100 681 166 736 τας
194 659 311 750 τρέφε,
338 650 393 722 ίνα
422 661 477 722 καὶ
497 647 682 743 μάλλον
646 680 716 734 οιος
739 681 758 721 τ
787 655 826 752 ᾐς
847 657 1043 746 καθορᾷν’
1028 653 1076 750 ιη’
1101 650 1121 723 6
1143 658 1280 777 ἕκαστρς

99 763 259 852 πέφυκεν.
292 753 423 879 Ἔχει(
404 783 422 824 ο
444 759 605 844 λίγεις,’
586 785 666 853 εφη,
688 753 797 845 λόγον
845 756 970 827 (λύκοῦν
991 755 1217 847 μνημονεύεις,
1239 759 1281 840 ήν

100 859 136 932 6
170 853 299 948 66st
280 887 331 928 οτι
364 867 419 928 καὶ
451 858 497 941 εἰς
526 859 583 948 τὸν
611 857 801 948 πόλεμον”
783 887 909 954 εφαμεν
937 861 1015 943 τούς
1041 866 1165 942 παῖδας
1194 865 1278 930 εἰναι

99 964 222 1034 ἀκτέον
242 967 293 1032 ἐπὶ
314 965 378 1032 τιῖν
397 959 503 1032 ἵππων
524 962 686 1055 θεωρούς,
708 971 765 1033 καὶ
785 961 843 1034 ε’άν
863 991 927 1033 που
949 963 1127 1061 ἀσφαλὲς
1120 954 1155 1049 6,
1177 990 1281 1055 προσ
1324 1013 1326 1015 -

7 1091 8 1102 ’
99 1073 223 1137 ακτίον
253 1065 355 1155 Ιἐγγύς
391 1073 446 1136 καὶ
485 1072 638 1153 γευστέον
671 1065 828 1156 αἳματος,
862 1061 969 1158 ὥσπερ
993 1067 1070 1150 τούς
1091 1065 1279 1152 σκύλακαςς

7 1199 8 1234 ι
98 1176 294 1259 Μίμνημαι,
316 1171 417 1264 ἔφη’).
455 1168 511 1238 Ἐν
531 1173 614 1240 πᾶσι
636 1170 676 1253 66
698 1169 838 1252 τούτοις,
861 1160 901 1254 ἦν
922 1169 954 1240 6²
979 1170 1050 1259 ἐγὼ,
1073 1178 1143 1252 τοῖς
1165 1199 1198 1240 τε
1217 1168 1281 1240 πό-

99 1301 176 1354 νοις
202 1280 258 1342 καὶ
285 1271 472 1362 μαθήμασι
500 1280 556 1342 και
586 1269 754 1367 φόβοις’
735 1302 773 1354 ος
794 1273 835 1344 66
856 1278 1104 1398 ἐντρεχέστατος
1126 1272 1176 1342 άεὶ
1200 1277 1280 1366 ιμαί·

7 1407 9 1444 ι
99 1403 217 1461 νηται,
250 1373 295 1457 εἰς
327 1373 481 1498 ἀριθμόν
513 1402 588 1446 τινα
620 1379 796 1505 ἐγκριτέον.
836 1374 892 1446 Εν
923 1381 1000 1460 τίνι,
1033 1379 1115 1470 ἔφη,
1147 1373 1279 1469 ἡλικίας

95 1478 229 1556 Ἡνίτα,
252 1469 384 1563 666³
369 1479 440 1568 εγὼ,
461 1482 525 1548 τῶν
546 1477 737 1568 ἀναγκαίων
758 1483 955 1604 γυμνασίων
965 1483 1150 1568 μεθίενται.
1181 1471 1279 1559 οὗτος

7 1617 9 1656 ι
99 1582 168 1674 γάρ
191 1579 209 1652 ὁ
224 1579 364 1674 χρόνος,
394 1579 450 1650 ἐάν
476 1609 509 1652 τε
532 1579 629 1653 666³
614 1579 670 1651 εύν
693 1610 726 1652 τε
748 1586 823 1676 τρία
845 1585 900 1667 ἐτη
922 1586 1087 1672 γίγνηται,
1116 1579 1281 1662 ἀδύνατός

7 1771 8 1782 ρ
100 1713 136 1756 τι
159 1685 241 1755 ἄλλο
263 1689 397 1779 πρᾶξαι·
426 1683 524 1756 κόποι
544 1685 608 1777 γάρ
630 1693 684 1757 καὶ
706 1679 804 1755 ύπνοι
824 1685 1012 1775 μαθήμασι
1030 1691 1194 1813 πολέμιοι·
1223 1693 1280 1754 καὶ

7 1837 9 1862 ι
102 1783 176 1879 άμα
196 1791 256 1879 μία
279 1797 340 1858 καὶ
336 1783 440 1873 αύτη
462 1792 526 1858 τῶν
546 1786 763 1877 βασάνων
724 1815 796 1858 ουκ
805 1793 975 1880 ἐλαχίστη,
1004 1793 1053 1868 τίς
1080 1794 1217 1868 ἕκαστος
1245 1792 1279 1856 ἐν

101 1900 174 1973 τοῖς
195 1896 390 2014 γυμνασίοις
411 1900 576 2016 φανεῖται
618 1896 698 1973 Πῶς
719 1891 783 2012 γάρ
804 1893 878 1976 6663
900 1895 985 2018 ἔιχη.
1022 1891 1121 1962 Μετὰ
1142 1890 1182 1974 66
1205 1893 1280 1960 τοῦ-

103 2023 163 2066 τον
185 1995 243 2066 τὸν
260 1994 398 2087 χρόνον,
419 2021 466 2080 ην
481 1993 554 2064 6
538 1995 614 2084 εγύ,
641 1999 675 2064 ἐκ
697 2000 760 2066 τῶν
781 2001 903 2066 εἴκοσιν
925 2000 1003 2066 ἐτῶν
1026 2001 1057 2064 οἱ
1078 1998 1281 2087 προκριθίν·

104 2126 157 2180 τες
178 2097 276 2189 τιμάς
297 2127 331 2168 τε
352 2103 481 2189 μειζους
503 2103 566 2170 τῶν
588 2099 696 2169 ἄλλων
716 2103 883 2183 οἴσονται,
911 2096 954 2170 τά
980 2127 1015 2170 τε
1038 2096 1141 2189 χύὸην
1161 2094 1280 2185 μαθή-

102 2229 196 2294 ματα
227 2210 342 2274 παισὶν
375 2207 408 2272 ἐν
439 2206 480 2300 τῇ
509 2206 643 2297 παιδεία
674 2201 830 2292 γενόμενα
862 2201 993 2283 τούτοις
1025 2207 1203 2273 συνακτέον
1236 2198 1282 2280 εἰς

104 2303 250 2402 σύνοψιν
284 2304 484 2391 οἰκειότητος
516 2303 668 2390 άλλήλων
697 2311 774 2376 τῶν
792 2305 1006 2396 μαθημάτων
1042 2313 1098 2374 καλ
1131 2309 1190 2388 τῆς
1223 2306 1283 2374 τού

103 2409 200 2489 ὄντος
222 2406 360 2535 (μύσεως.
395 2408 501 2494 ,Μόνη
523 2413 612 2499 γοῦν,
638 2402 744 2488 εἶπον,
766 2407 787 2494 6
810 2408 946 2493 τοιαύτη
963 2405 1123 2532 μάθησις
1143 2411 1281 2496 βέβαιος

7 2565 8 2602 ,
103 2517 137 2584 ἐν
153 2507 258 2592 οἴςίίν
272 2517 451 2602 ἐγγίνηται
498 2517 567 2582 Καὶ
580 2516 715 2602 μεγίστη
725 2541 775 2601 γε,
797 2503 891 2597 ήνὸ’
916 2512 986 2602 ἐγὼ,
1009 2518 1104 2601 πείρα
1119 2515 1282 2582 διαλεκτι-

7 2669 9 2702 ÷
102 2620 179 2740 κε’χς
192 2613 320 2706 φύσεως
344 2623 400 2686 καὶ
429 2613 485 2705 μή.
517 2613 535 2684 6
558 2627 623 2739 μὲν
645 2616 709 2708 γάρ
732 2616 928 2697 συνοπτικὸς
949 2611 1218 2738 ῥιαλεκτικός,
1202 2641 1220 2682 ο
1246 2618 1281 2686 66

8 2795 9 2804 χ
102 2719 149 2811 μή
173 2718 222 2790 66.
265 2716 456 2808 Ξννοίομαν,
476 2749 497 2842 χ
482 2708 587 2788 6‘'
568 2747 614 2800 ος.
663 2723 777 2790 Ταῦτα
800 2723 925 2804 τοίνυν,
948 2708 1041 2804 666²
1066 2717 1142 2806 ἐγὼ,
1173 2716 1280 2802 δεήσει

104 2849 142 2894 σε
178 2825 421 2892 ἐπισκοποῦντα
458 2823 493 2892 ο“ι
519 2822 560 2892 66
584 2820 731 2912 μάλιστα
758 2826 903 2893 τοιοῦτοι
931 2826 965 2894 ἐν
992 2820 1105 2902 αὐτοῖς
1135 2821 1196 2892 ὠσι
1226 2829 1282 2894 καί

103 2923 244 3016 μόνιμοι
264 2930 362 3050 μὲν
346 2953 380 2996 ιν
399 2924 602 3017 μαθήμασι,
632 2924 767 3016 μόνιμοι
790 2924 863 2996 δ’.’
847 2953 881 2996 εν
902 2933 1032 3020 πολέμῳ
1055 2954 1110 2996 και
1133 2936 1202 3005 τοῖς
1224 2923 1284 2994 66.-

105 3036 178 3111 λοις
198 3033 366 3121 νομίμοις,
391 3028 529 3112 τούτους
551 3057 611 3110 66,
634 3029 763 3102 ἐπειδάν
785 3028 828 3098 τά
849 3027 1028 3121 τριάκοντα
1050 3031 1105 3112 ἔτη
1128 3031 1283 3116 ἐκβαίνω-

106 3160 176 3216 σιν,
206 3137 240 3204 ἐκ
261 3136 325 3205 τῶν
345 3138 530 3227 προκρίτων
550 3131 809 3227 προκρινάμενον
831 3131 876 3214 εἰς
896 3137 1025 3222 μείζους
1048 3159 1080 3202 τε
1103 3130 1201 3220 τιμὰς
1222 3157 1281 3202 κα-

105 3233 271 3306 θιστάναι
293 3246 349 3307 καὶ
371 3245 502 3309 σκοπεῖν
523 3240 562 3333 τῇ
583 3241 641 3306 τοῦ
664 3243 885 3325 διαλέγεσθαι
900 3234 1034 3323 δυνάμει
1048 3237 1282 3322 βασανίζοντα,

106 3342 155 3420 τίς
176 3337 332 3429 ὀμμάτων
353 3349 409 3410 καὶ
430 3346 488 3424 τῆς
509 3341 612 3425 ύλλης
633 3339 826 3425 αἰσθήσεως
847 3339 987 3420 δυνατὸς
1007 3343 1206 3428 μεθιέμενος
1233 3335 1278 3406 ἐπ’

105 3441 189 3512 αύτό
214 3442 258 3512 τό
287 3442 324 3514 ’όν
350 3443 415 3534 μετ’
447 3443 737 3528 ἀληθείαςίέναι.
781 3445 827 3513 Cf.
849 3469 881 3530 p.
904 3449 985 3522 536,
1019 3448 1052 3512 C.
1077 3448 1119 3510 X.
1144 3447 1281 3529 sqq-St.

105 3553 202 3623 Tum,
228 3557 396 3636 postquam
417 3551 525 3618 docuit
545 3550 604 3617 bac
624 3551 658 3618 in
677 3572 715 3616 re
736 3552 1000 3618 mmm-cautione
1022 3570 1101 3636 opus
1121 3569 1209 3624 esse,
1236 3550 1281 3613 ita

104 3654 227 3739 pergit:
263 3648 377 3743 Ἀρκεῖ
403 3651 442 3735 66
473 3656 523 3722 ἐπὶ
551 3649 657 3740 λόγων
684 3651 869 3746 μεταλήψει
898 3658 1005 3739 μεῖναι
1034 3653 1202 3739 ἐνδελεχῶς
1223 3657 1279 3718 καλ

104 3751 270 3838 ξυντόνως,
283 3759 385 3843 μηδὲν
405 3753 488 3824 άλλο
509 3751 703 3848 πράττοντι,
732 3753 800 3824 ἀλλ’
825 3752 1055 3847 ἀντιστρόφως
1076 3757 1279 3842 γυμναζομέ-

103 3885 150 3952 νῳ
172 3863 335 3950 τοῖςπερὶ
356 3858 394 3928 τὸ
417 3864 511 3950 σῶμα
532 3861 741 3950 γυμνασίοις,
771 3860 826 3943 ἔτη
849 3856 1025 3940 διπλάσια,
1048 3855 1069 3942 6
1091 3854 1182 3942 τότες
1209 3850 1278 3939 Ἓξ,

178 4115 198 4184 ¹)
218 4117 286 4179 Cur,
315 4117 417 4170 616‘16
442 4122 547 4173 τλείῑειε
570 4093 721 4174 ύετεεεειυε
739 4135 841 4183 sermo,
867 4124 987 4183 repetere
1008 4127 1130 4183 putemus
1149 4120 1198 4171 hoe
1217 4118 1275 4169 1666

104 4207 307 4272 philosophum,
326 4209 397 4273 6666
416 4213 493 4275 6666
512 4211 590 4296 είλετο
609 4210 755 4264 labellum
774 4212 889 4264 ducendi
907 4215 1000 4265 τίοιεν
1012 4213 1205 4266 οεειιελεεΙειισΙ
1219 4225 1278 4265 εεε·

104 4298 206 4350 6666?
1111 4321 1113 4326 ¹
