3344 5234
588 397 797 465 -tt..

98 553 211 638 λέγοις,
236 536 261 619 ὦ
285 547 475 642 Σώκρατες
496 616 500 624 ,
518 554 593 624 ‚Tae
614 553 802 643 προοιμίου,
824 539 910 635 ἧυιῗ
929 550 1000 641 ἐγὼ,
1022 551 1146 638 ἢτίυος
1160 539 1280 642 lipare,-

96 651 117 735 ἢ
139 649 201 723 οὐκ
224 656 327 746 ἴσμεν,
348 647 403 727 dn
421 651 544 724 ,ποὶυιιιΙ
556 657 664 728 auden
685 652 846 745 προοίμιά
867 658 955 726 ἐστιν
970 653 1073 726 αὐτοῦ
1090 649 1280 745 reinduant,

94 751 134 824 tle
156 761 211 824 dei
227 762 374 844 peticio,-
397 755 436 828 οὐ
450 755 515 850 γάρ
530 785 595 835 areo
612 762 755 845 ,duacum
775 764 813 846 γέ
834 784 887 829 σοι
910 764 942 830 οἱ
964 763 1071 832 ταῦτα
1094 763 1282 835 decentiam

95 865 239 940 λικιιιιοὶ
262 853 355 930 εἶναι.
398 866 468 936 Ηοο
489 863 561 933 loco
584 859 624 930 cd
641 865 820 954 προοιμιοιι
842 872 914 933 eunt
936 883 992 940 eae
1012 865 1281 951 artaeetqeeute

95 965 241 1050 eipliuee,
264 963 378 1052 quibus
391 965 561 1050 ingenium
584 962 828 1054 cainnpelciann
848 968 893 1039 iu
906 967 1036 1040 acuitur
1058 979 1152 1055 atque
1172 969 1279 1046 alitur.

94 1078 128 1134 ut
150 1067 348 1137 dialecticam
361 1069 497 1158 ‚discere
512 1071 641 1155 possita
655 1069 965 1156 illiapraeparantur
987 1072 1091 1144 sotum
1112 1073 1279 1166 custodum
1309 1059 1315 1067 ⁵
1401 1061 1402 1064 ¹

94 1171 238 1257 ingenia,
256 1179 456 1260 appetendae
477 1173 661 1260 disciplinae
682 1173 760 1247 nihil
781 1174 822 1243 iis
842 1175 933 1246 inest.
963 1175 1014 1243 ot
1032 1176 1126 1246 etiam
1148 1199 1182 1264 p.
1202 1181 1275 1254 532.

94 1283 128 1344 Δ.
152 1287 186 1344 et
207 1282 247 1344 D.
270 1287 302 1342 et
323 1278 485 1350 Timaeum
507 1299 537 1364 p.
559 1281 625 1353 29,
645 1282 683 1348 D.
706 1277 745 1344 ad
768 1299 863 1364 quem
885 1278 989 1351 locum
1009 1279 1161 1352 Prooluaa
1182 1275 1220 1348 ‘0
1241 1284 1279 1350 dd

93 1376 376 1469 couvenientes
390 1377 458 1450 ἀπὸ
479 1383 542 1448 τῶν
559 1383 799 1472 κιθαρῳδικῶν
820 1377 938 1467 νόμον.
967 1373 1060 1455 οὗτοι
1082 1379 1201 1451 ὂὲιίσι
1224 1388 1281 1470 μὲ-

95 1487 133 1566 λη
164 1479 251 1552 tend.
272 1481 337 1571 πρὸ
366 1481 406 1566 δὴ
427 1479 536 1570 νόμον
558 1480 682 1553 τουτου
702 1485 862 1574 προοίμια
883 1481 1079 1577 aperuerant
1100 1483 1279 1564 danaen.

96 1581 116 1652 ii
135 1593 195 1654 καὶ
218 1584 277 1654 διὰ
297 1589 395 1660 coire
417 1583 721 1680 προψὶιλυφήματα
744 1583 891 1656 ἐκάλουν.
936 1589 1032 1667 Quod
1059 1594 1085 1656 si
1116 1590 1195 1656 hauc
1220 1592 1280 1660 τοῦ

98 1693 274 1781 προοιμίου
296 1689 554 1775 significationem
578 1696 616 1758 ad
636 1695 721 1756 hunc
742 1691 848 1758 locum
870 1691 1113 1771 transferamus,
1137 1703 1281 1781 tumpu-

99 1803 151 1870 tet,
182 1799 290 1882 primo
319 1794 403 1872 libro
429 1795 574 1879 agitatam
597 1794 829 1886 quaestionem,
861 1816 926 1861 non
948 1817 1017 1862 esse
1039 1797 1072 1864 id
1094 1804 1179 1885 quod
1202 1819 1278 1866 aare

96 1907 280 1984 quaeratur,
303 1897 359 1964 sed
381 1897 565 1986 praeparari
587 1898 626 1963 iis
648 1919 730 1984 quae
751 1898 795 1964 ihi
818 1897 1018 1984 disputentur
1039 1900 1072 1967 id
1094 1902 1180 1988 quod
1203 1924 1278 1968 vere

95 2012 285 2090 quaeratur,
308 2001 450 2076 adiuvari
473 2001 568 2068 etiam
589 2009 707 2068 rectam
730 2019 841 2070 eorum
864 2004 1074 2090 cognitionem
1099 2026 1179 2092 quae
1201 2027 1277 2073 vere
1328 2058 1330 2064 .

94 2115 299 2193 quaerantur·
349 2159 352 2164 .
642 2122 646 2134 '
964 2097 966 2106 ¹

178 2215 228 2275 De
259 2209 336 2296 ipsis
366 2231 444 2275 vero
475 2209 642 2284 Glauconis
671 2216 702 2275 et
729 2208 886 2276 Adimanti
915 2211 1111 2278 orationibus
1134 2217 1213 2280 haec
1233 2221 1280 2280 te·

92 2311 213 2379 nenda:
249 2313 411 2380 Pertinere
439 2335 491 2380 eas
518 2319 558 2380 ad
587 2313 803 2400 quaestionem
826 2319 872 2392 ¹de
900 2315 1036 2382 iustitiae
1066 2317 1278 2384 iniustitiaeva

92 2421 302 2504 praestantia,
336 2439 397 2504 qua
430 2425 576 2510 tanquam
609 2414 711 2488 forma
740 2427 839 2485 totum
868 2436 948 2506 opus
977 2418 1158 2486 includitur.
1214 2419 1277 2486 Sed

94 2543 194 2608 quum
216 2519 375 2606 postulent
396 2515 516 2588 Glauco
535 2530 568 2605 et
588 2519 772 2592 Adimantus
794 2530 829 2588 ut
849 2521 968 2589 iustitia
990 2521 1056 2608 ipsa
1079 2523 1144 2589 sola
1167 2523 1278 2590 laude-

92 2633 155 2701 tur,
178 2625 331 2710 neglectis
352 2623 528 2692 honoribus
550 2635 581 2701 et
601 2613 767 2710 praemiis,
791 2627 934 2713 sequitur
957 2647 1021 2692 non
1044 2647 1113 2692 esse
1134 2627 1168 2693 id
1191 2631 1277 2715 quod

90 2729 144 2792 hic
165 2731 338 2814 praecipue
361 2736 533 2813 quaeratur¹
551 2725 677 2793 laudem
700 2728 850 2805 iustitiae,
872 2731 952 2808 licet,
977 2739 1078 2797 totum
1100 2751 1180 2818 opus
1202 2747 1276 2798 con·

90 2829 266 2905 tuentibus,
285 2829 393 2914 magni
416 2835 564 2925 momenti
588 2853 623 2898 ea
645 2853 698 2924 res
713 2831 863 2910 uideatur
878 2855 963 2900 esse.
1007 2841 1084 2901 Nam
1099 2844 1165 2902 tum
1182 2840 1276 2902 etiam

90 2932 237 3018 praemia
260 2941 291 2999 et
312 2937 452 3000 honores
474 2937 716 3002 commemorari
737 2946 824 3002 reete
839 2945 994 3022 poteraut,
1017 2937 1093 3014 nec,
1109 2939 1276 3006 rectulau·

91 3043 164 3105 data
186 3036 316 3112 iustitia,
338 3036 513 3112 timendum
536 3035 613 3113 eret,
637 3059 689 3116 ne,
708 3039 879 3129 nonipsa,
901 3041 956 3108 sed
970 3047 1110 3125 honores
1132 3053 1163 3108 et
1185 3064 1277 3131 prae-

90 3142 155 3207 mia
167 3139 297 3218 laudata
311 3138 507 3208 viderentur.
558 3139 663 3208 Volunt
684 3144 780 3228 ipitnr
800 3143 902 3210 doceri
923 3149 996 3230 qnid
1016 3150 1056 3212 eit
1076 3149 1207 3212 iustitia.
1237 3145 1277 3212 ni

91 3245 198 3321 enim,
235 3243 290 3331 qni
318 3243 491 3330 perlectam
519 3267 544 3310 s.
573 3245 687 3312 iustam
710 3248 868 3314 civitatem
890 3249 1027 3316 condere
1058 3249 1169 3326 vellet,
1204 3259 1276 3316 ante

90 3348 202 3415 omnia
225 3365 306 3434 opus
329 3357 398 3414 crat
418 3353 516 3424 scire,
540 3350 616 3436 quid
638 3359 721 3416 esset
741 3349 873 3426 iustitia,
898 3361 933 3419 ut
954 3354 995 3419 ad
1016 3374 1103 3428 eam,
1126 3361 1275 3442 tanquam

92 3451 260 3538 exemplar
269 3471 375 3517 auimo
387 3452 594 3537 propositum
607 3453 720 3520 rustam
730 3457 889 3521 cavitatem
900 3456 1058 3523 dehnearc
1070 3466 1186 3542 posset
1208 3460 1278 3523 Hoc

90 3557 204 3642 igitur
213 3553 306 3621 nobis
327 3555 408 3622 velle
430 3553 555 3623 videtur
577 3578 647 3625 cum
672 3558 809 3625 Socratis
825 3569 970 3628 extremo
985 3561 1090 3648 primo
1104 3559 1188 3627 libro
1202 3579 1277 3626 cou-

90 3661 207 3734 fessio,
237 3659 375 3725 noudum
400 3659 558 3728 inventam
581 3679 650 3728 esse
670 3661 837 3740 iustitiam,
868 3673 935 3730 tum
959 3664 1126 3732 Glauconis
1149 3673 1182 3730 et
1202 3663 1276 3744 adt

90 3763 193 3830 manti
223 3769 287 3827 tam
317 3783 427 3828 severa
449 3773 479 3828 et
501 3764 626 3850 saepius
647 3767 781 3859 repetita
802 3768 989 3854 postulatio,
1020 3777 1055 3834 ut
1078 3766 1194 3834 iustitia
1217 3789 1275 3855 per

91 3890 126 3934 se
148 3865 309 3933 laudetur.
352 3865 490 3940 Iustitiae
518 3889 597 3936 vero
612 3869 744 3936 laudem
766 3893 830 3936 non
853 3891 921 3940 esne
944 3871 1007 3937 id
998 3894 1030 3937 ιιι
1053 3892 1116 3958 quo
1138 3871 1275 3938 Platonis

93 3992 178 4057 opus
193 3969 363 4057 praecipue
376 3979 530 4047 versetur,
554 3971 626 4038 inde
642 3973 736 4040 etiam
754 3973 922 4060 colligitur,
946 3975 1032 4062 quod
1042 3996 1131 4042 nono
1148 3973 1276 4042 demum

91 4075 178 4141 libro
201 4074 304 4160 primu
326 4071 394 4139 eius
416 4073 464 4138 rei
486 4075 603 4143 mentio
626 4076 733 4144 denuo
754 4076 903 4147 iniieitnr.
949 4080 1178 4166 Comparantur
1204 4099 1276 4145 cum

90 4180 142 4245 his
165 4199 250 4265 qaue
264 4182 310 4247 ed
331 4175 388 4248 lib
408 4180 433 4249 1.
458 4199 491 4264 p
515 4183 595 4266 347,
623 4184 660 4248 Ε.
685 4181 726 4252 da
748 4181 955 4268 dispositione
977 4193 1158 4338 postremae
1178 4184 1276 4326 partis

92 4282 192 4371 primi
213 4279 288 4348 libri
309 4279 539 4360 adnotavimus.
623 4365 626 4372 1
676 4333 678 4340 -
