3344 5234
598 401 811 471 ...123-

116 575 190 649 ⁶³3,
217 575 254 640 λ.
276 574 326 638 οδ.
350 574 412 638 θεὶς
438 563 462 637 δ’
480 565 545 661 γὰρ
568 569 601 652 ἐξ
622 568 727 660 ἀρχῆς
749 569 907 656 ἐθέμεθα
930 570 997 638 δεῖν
1017 572 1123 638 ποιεῖν
1144 563 1201 636 διὰ
1215 591 1298 636 παν·

115 673 190 756 τὰς,
223 667 278 742 ὅτε
306 671 364 756 τὴν
390 669 490 742 πόλιν
516 674 752 766 κατῳκίζομεν,
780 667 880 740 τοῦτό
897 673 1007 752 ἐστιν,
1037 667 1081 750 ὡς
1101 673 1173 758 ἐμοὶ
1196 673 1297 751 δοκεῖ,

113 775 190 861 ἤτοι
213 773 333 846 τούτου
355 803 387 846 τι
409 769 496 856 είδος
517 773 538 860 ἡ
561 771 764 857 δικαιοσύνη.
787 777 945 862 ἐθέμεθα
968 778 1002 842 δὲ
1024 771 1131 856 δήπου
1146 780 1203 842 καί
1216 778 1298 843 πολ-

115 877 210 961 λάκις
225 883 384 970 ἐλέγομεν,
407 877 438 949 εἰ
455 885 635 969 μέμνησαι,
659 871 711 946 ίίτι
734 883 790 948 ἕνα
812 883 950 948 ἕκαστον
964 874 1000 946 ἐν
1014 881 1084 946 δέοι
1100 873 1298 961 ἐπιτηδεύειν

114 986 178 1054 τῶν
206 991 280 1074 περὶ
301 982 360 1065 τὴν
380 980 494 1061 πόλιν,
525 981 570 1062 είς
592 979 612 1050 δ
633 979 737 1050 αὐτοῦ
760 979 780 1064 ἡ
803 979 908 1076 φύσις
925 978 1171 1065 ἐπιτηδειοτάτη
1191 1007 1298 1074 πεφν-

114 1093 191 1156 κσῖα
207 1090 272 1171 εἴη.
290 1083 462 1176 Ἕλὲγομεν
483 1083 558 1174 γαίη.
580 1089 651 1154 Καί
668 1083 738 1173 ’μὴν
760 1078 813 1154 ὅτι
833 1111 869 1171 γε
892 1083 930 1153 τὸ
951 1083 994 1154 τὰ
1016 1083 1120 1154 αὑτοῦ
1141 1081 1298 1174 πράττειν

114 1198 169 1259 καὶ
196 1188 244 1279 μὴ
273 1195 560 1281 πολυπραγμονεῖν
586 1185 782 1271 δικαιοσύνη
810 1191 896 1270 ἐστί,
928 1195 984 1256 καί
1011 1191 1110 1257 τούτο
1132 1185 1241 1256 ἄλλων
1263 1214 1297 1256 τε

113 1296 244 1363 πολλῶν
272 1289 459 1383 ἀκηκόαμεν
488 1299 544 1361 καί
576 1289 672 1360 αύτοί
702 1288 864 1372 πολλάκις
891 1289 1076 1382 εἰρήκαμεν.
1108 1289 1298 1382 Είρήκαμεν

113 1393 187 1488 γάρ.
226 1399 480 1480 Τούτοτοίνον,
503 1385 543 1479 ἦν
564 1392 597 1464 δ’
622 1394 694 1483 ἐγὼ,
717 1384 741 1462 ὦ
764 1397 856 1488 φίλε,
878 1393 1054 1464 κινδυνεύει
1076 1391 1200 1485 τρόπον
1218 1394 1296 1464 τινὰ

20 1491 24 1502 ’
113 1496 306 1588 γιγνόμενον
333 1497 354 1584 ἡ
385 1496 580 1584 δικαιοσύνη
601 1490 702 1580 εἶναι,
732 1495 770 1567 τὸ
794 1495 836 1566 τδι
858 1495 962 1568 αὑτοῦ
983 1495 1149 1588 πράττειν.
1176 1509 1209 1566 et
1237 1501 1294 1566 lib.

113 1607 166 1683 lv,
193 1625 226 1692 p.
251 1605 325 1682 ίεὶε3,
348 1609 386 1672 Β.
408 1607 462 1670 εδ.
489 1607 556 1670 St.:
587 1606 704 1674 Τέλεον
725 1599 793 1693 ἄρα
815 1598 892 1689 ἡμῖν
914 1600 952 1670 τὸ
974 1599 1123 1671 ἐνύπνιον
1142 1599 1297 1676 ἀποτετέ-

113 1702 274 1776 λεσιαι“
254 1734 273 1776 ο
296 1708 422 1798 ἔφαμεν
443 1702 664 1786 ὑποπτεῦσαι,
696 1701 738 1784 ὡς
765 1701 912 1784 εὐθύς
892 1731 1068 1842 αρχομενοι
1092 1708 1151 1788 τῆς
1171 1703 1297 1785 πόλεως

114 1910 212 1997 σύνης
233 1910 461 2001 κινδυνεύομεν
481 1915 703 2000 ἐμβεβηκέναι.
737 1907 1002 1980 Παντύπασιέ
963 1941 987 1997 μ
989 1919 1023 1979 ἐν
1044 1898 1113 1979 οὗν.
1147 1909 1194 1980 Τὸ
1210 1915 1246 1980 δέ
1258 1939 1296 1999 γε

113 2044 152 2102 ην
174 2015 255 2112 ἄρα,
278 2047 303 2086 ιι
287 2005 495 2098 3Ιλαύκων,
518 2010 592 2084 δι“
573 2042 591 2082 ο
614 2021 669 2083 καὶ
692 2011 820 2106 ὠφελεῖ,
842 2010 974 2084 εἴδωλόν
997 2040 1029 2082 τι
1051 2041 1109 2098 της
1125 2011 1297 2086 δικαιοσύ

111 2147 187 2204 νης,
216 2117 255 2190 τὸ
285 2119 343 2190 τὸν
371 2129 431 2210 μὲν
452 2115 698 2207 ’σκυτοτομικὸν
720 2114 958 2210 φύσειόρθῶς
980 2119 1061 2207 ἔχειν
1083 2129 1297 2208 σκυτοτομεῖν

111 2231 167 2294 καί
190 2221 275 2293 ἄλλο
296 2229 398 2312 μηδὲν
419 2221 591 2312 πράττειν,
621 2221 678 2292 τὸν
701 2225 735 2290 δὲ
759 2220 943 2291 τεκτονικὸν
965 2225 1216 2306 τεκταίνεσθαι,
1239 2230 1294 2296 καί

112 2315 220 2396 τᾶλλα
244 2326 285 2410 δὴ
308 2321 402 2398 ούτιο.
445 2329 616 2396 Φαίνεται.
652 2391 656 2396 ,
756 2387 760 2394 .

197 2434 292 2510 Quod
320 2433 346 2498 si
376 2435 473 2518 igitur
502 2431 727 2519 probavimus,
762 2453 828 2497 non
853 2434 1058 2498 dissentiente
1085 2432 1294 2500 Schleierma-

111 2539 222 2610 chero,
247 2537 331 2602 dicta
347 2540 426 2602 haec
447 2559 528 2612 esse,
554 2539 663 2602 hahita
682 2534 824 2602 iustitiae
849 2536 986 2611 ratione,
1013 2557 1119 2602 nonne
1136 2540 1291 2624 sequitur,

110 2659 176 2707 non
199 2641 310 2724 quaeri
334 2642 385 2706 hic
406 2641 555 2716 iustitiam
581 2643 783 2714 incivitate,
817 2653 928 2705 verum
955 2641 1112 2705 civitatem
1140 2640 1180 2706 ad
1205 2643 1296 2707 iusti·-

109 2745 188 2813 tiam
216 2745 378 2810 ordinari?
404 2752 437 2808 et
461 2746 620 2810 civitatem
649 2746 704 2820 ita,
732 2765 796 2810 non
823 2745 992 2818 iustitiam,
1019 2765 1089 2808 esse
1116 2746 1149 2809 id
1171 2747 1203 2810 in
1230 2765 1296 2830 quo

111 2848 219 2932 operis
246 2843 316 2913 finis
339 2853 506 2914 versetur?
539 2851 618 2912 Nam
644 2847 704 2914 hoc
724 2849 845 2933 ipsum,
876 2868 1134 2934 unumquemque
1156 2850 1211 2916 uni
1227 2858 1295 2914 tan-

110 2959 178 3016 tum
207 2952 338 3034 negotio
369 2953 487 3016 dehere
513 2971 644 3034 operam
673 2972 807 3026 navare,
844 2971 904 3034 per
926 2973 960 3016 se
984 2943 1178 3036 spectatum,
1216 2951 1295 3019 nihil

111 3074 279 3120 commune
301 3056 400 3120 habet
425 3073 497 3120 cum
521 3077 598 3120 vera
619 3057 756 3120 iustitiae
781 3057 924 3130 notione,
954 3076 1051 3140 quum
1066 3074 1174 3141 perse
1191 3077 1294 3141 aeque

109 3159 228 3224 iustum
254 3179 323 3223 εεεο
345 3159 456 3243 possit,
485 3181 584 3226 unum
608 3159 700 3243 plura
723 3179 831 3243 agere,
857 3161 914 3224 sed
935 3179 992 3224 sua
1014 3159 1166 3236 lamen*).

195 3263 358 3326 Enarratis
377 3264 538 3327 hominum
566 3265 619 3348 qui
649 3285 718 3328 eam
734 3265 891 3329 civitatem
906 3263 1097 3328 consumant
1107 3265 1294 3348 generibus

109 3364 164 3430 lib.
190 3367 232 3439 ll,
256 3384 288 3449 p.
305 3367 378 3440 371,
403 3368 439 3429 Ε.
465 3367 509 3430 St.
532 3369 697 3430 Socrates:
715 3353 787 3454 Αρ’
806 3353 873 3445 οὖν,
899 3352 923 3432 ὦ
940 3359 1155 3450 Ἀδείώιιαντε
1177 3366 1292 3450 inquit,

109 3461 213 3549 ᾔδη’
197 3473 274 3554 ημῖν
294 3463 470 3549 ηύξηται
455 3495 473 3548 η
496 3463 655 3546 πόλις,(
640 3461 712 3535 ὥστ’
737 3459 821 3536 εἶναι
849 3472 978 3549 τελέας
983 3465 1088 3546 Ἴσως.
1136 3471 1212 3536 Ποῦ
1235 3467 1294 3536 ούν

110 3569 150 3637 ἄν
172 3595 252 3636 ποτε
274 3572 307 3636 ἐν
323 3567 412 3666 αύτη
426 3573 482 3652 είη
505 3562 525 3652 ἥ
547 3596 580 3637 τε
603 3567 794 3668 δικαιοσύνη
817 3578 907 3653 καὶη
896 3567 1053 3651 ἀδικία,
1076 3577 1131 3641 καί
1147 3564 1292 3658 τίνιδίμα

12 3705 13 3708 ’
110 3677 300 3760 ἐγγενομένη
329 3663 380 3740 ὧν
408 3675 666 3760 εσκὲμμειλας
692 3671 926 3762 ΕγώμἫν,
909 3701 989 3793 εεμη,
1013 3670 1085 3741 οὐκ
1108 3677 1243 3756 ἐννοῶ,
1268 3662 1293 3742 ὦ

110 3771 365 3862 Σώκρατες,’
335 3803 363 3843 ει
383 3804 428 3860 μη
450 3802 515 3844 που
538 3780 570 3844 ἐν
593 3773 708 3844 αὐτῶν
723 3774 846 3844 τούτων
865 3781 960 3868 χρείη
982 3784 1046 3844 τινὶ
1068 3803 1106 3872 τη
1128 3775 1210 3867 πρὸς
1232 3775 1293 3846 αλ·

111 3876 243 3962 ληλοσς.
273 3875 411 3946 ἨἈλλ
393 3897 487 3959 ισοις,
511 3905 550 3962 ην
573 3875 643 3946 δ”
628 3878 698 3967 εγὼ,
720 3883 827 3959 καλιις
849 3884 967 4006 λέγεις,
996 3886 1064 3948 καί
1088 3885 1293 3949 σκεπτέον

114 4041 403 4052 Ἥ...-

181 4140 203 4199 ’)
229 4141 267 4193 Ex
285 4145 475 4224 ιεειεοιΙεεοοι
495 4143 620 4194 hocloco
640 4156 726 4202 nexu,
752 4151 778 4195 ει
798 4157 829 4196 ει
848 4146 879 4194 iis
899 4158 967 4206 σοεε
988 4141 1118 4206 diximus,
1147 4147 1293 4212 σοΙΙίηΙιοτ,

111 4245 198 4283 veram
218 4245 271 4282 οοο
291 4245 347 4282 εεεε
367 4231 530 4282 διεΙΙοιοοιΙΙ
550 4233 750 4293 explicationem
770 4233 910 4284 verborum
931 4249 957 4297 p.
979 4235 1041 4298 ³70,
1061 4235 1089 4288 C.
1109 4232 1182 4291 ὅταν
1201 4245 1242 4303 ιτς
1259 4230 1293 4289 ἐν

111 4319 187 4373 κατὰ
205 4319 299 4387 φύσιν
318 4322 369 4372 καί
385 4320 418 4373 ἐν
436 4320 529 4394 καίρῷ
546 4337 573 4372 κ.
594 4337 619 4374 τ.
639 4320 663 4374 δ.
701 4321 741 4372 (Ἀ.
762 4330 789 4374 σε
806 4335 832 4387 ιι.
852 4323 966 4384 msc.
