3298 5232
853 395 1085 460 ..ppo-

388 551 500 632 scitur,
532 573 597 618 nun
621 553 715 639 plane
739 553 812 620 locu
836 562 1016 631 moveatur,
1042 558 1098 621 sed
1124 562 1244 622 tunium
1271 554 1475 622 collustretur
1498 556 1573 624 idea

387 658 477 727 boni.
521 663 600 725 Nam
623 667 658 724 ut
677 677 782 724 sermo
799 681 818 724 a
833 659 951 724 institia
973 661 1087 736 oritur,
1115 658 1168 738 ita,
1190 659 1275 726 linita
1299 661 1516 746 disputatione
1533 661 1573 726 de
1639 713 1640 718 ,

391 764 464 828 idea
488 761 584 842 boni,
618 765 665 846 ad¹
693 765 778 828 idem
807 765 1011 846 principium
1032 762 1140 828 redire
1166 783 1347 829 sermonem
1375 762 1572 830 ridebimus.

389 868 526 932 Easdem
549 885 628 932 vero
654 864 748 932 etiam
768 868 919 933 hocloco
945 873 1027 931 aries
1052 866 1333 951 deprehendimus,
1361 870 1480 952 quibus
1505 889 1576 933 sae-

390 972 463 1058 pius
489 973 635 1037 Socrates
664 988 703 1036 eo
733 969 867 1035 consilio
892 991 969 1035 usus
989 979 1053 1047 est,
1082 979 1117 1036 ut
1142 971 1247 1036 dicere
1271 979 1380 1054 posset
1408 975 1450 1036 de
1473 970 1574 1038 rebus

389 1095 409 1140 a
437 1071 499 1139 fine
524 1073 639 1158 operis,
667 1093 762 1160 quem
787 1072 890 1138 videri
913 1071 1055 1150 volebat,
1078 1074 1197 1149 alienis,
1224 1082 1256 1139 et
1276 1075 1380 1140 uthis
1401 1075 1502 1140 etiam
1520 1095 1575 1140 ve·

389 1177 563 1243 resimilius
588 1175 695 1254 fieret,
733 1197 768 1242 se
794 1183 937 1244 coactum
962 1180 1189 1244 tantummodo
1203 1180 1243 1243 de
1266 1175 1453 1254 mulierum,
1488 1181 1575 1243 viro-

387 1302 460 1346 rum
484 1278 721 1368 liberorumque
748 1283 968 1348 communione
991 1301 1028 1346 ac
1049 1280 1088 1347 de
1110 1280 1344 1367 magistratibus
1369 1283 1571 1348 disseruisse.

387 1387 466 1450 llam
488 1387 569 1450 hanc
593 1403 663 1450 rem
689 1392 783 1459 certe,
809 1382 929 1470 deque
951 1405 1035 1450 nnnc
1054 1387 1229 1452 accuratius
1244 1388 1351 1464 dicere
1371 1385 1458 1452 nolle
1485 1388 1574 1451 vide-

384 1496 456 1564 tur,
480 1481 500 1552 ό
521 1491 635 1573 μέντοι
655 1488 811 1574 μέγιστον
831 1485 981 1576 μάθημα
1001 1493 1151 1574 καὶπερὶ
1175 1480 1193 1554 ό
1211 1513 1245 1555 τι
1267 1484 1350 1555 αὐτὸ
1372 1492 1489 1574 λέγει-ς,
1512 1491 1572 1554 οἴει

390 1586 447 1657 τιν’
472 1586 514 1657 biv
535 1613 581 1670 οε,
603 1589 679 1684 ἔφη,
704 1587 838 1682 ἀφεῖναι
859 1589 905 1678 μὴ
928 1587 1148 1682 ἐρωτήσαντα,
1169 1593 1201 1658 τί
1216 1595 1321 1674 ἕστινς
1348 1587 1394 1658 Οὐ
1410 1587 1512 1672 πάνυ,
1535 1580 1572 1672 ἦν

390 1688 423 1759 d'
448 1689 519 1778 ἐγώ·
537 1689 628 1760 ἄλλα
647 1699 702 1760 καλ
718 1693 759 1761 οὐ
774 1690 889 1782 ἐρώτα.
902 1703 905 1710 ’
918 1679 1061 1773 Πάντως
1079 1691 1160 1760 αὐτὸ
1174 1691 1232 1761 οὐκ
1247 1691 1396 1781 ὀλιγάκις
1412 1689 1570 1776 ἀκήκοας,

387 1797 446 1864 νῦν
457 1799 503 1864 Δδὲ
518 1793 546 1878 ¹il
568 1793 631 1864 οὐκ
649 1799 767 1876 ἐννοεῖς
788 1795 809 1880 ἢ
831 1785 873 1866 αὖ
897 1800 1013 1890 διανοῇ
1032 1802 1103 1884 ἐμοὶ
1117 1790 1297 1888 πρόγματα
1311 1802 1466 1889 παρέχειν
1482 1794 1571 1864 ἀντι-

389 1895 649 1988 λαμβανόμενος.
671 1893 764 1988 οἶμοι
788 1905 823 1968 δὲ
846 1903 944 1969 τοῦτο
965 1904 1093 1987 μᾶλλον
1114 1927 1143 1969 κ.
1165 1925 1195 1967 τ.
1220 1903 1258 1980 οἵ,
1282 1905 1446 1980 Socratem
1467 1904 1569 1989 ipsum

391 2012 543 2089 qtmntum
562 2005 637 2070 satis
659 2014 743 2070 esset
762 2005 921 2092 explicare
936 2005 1086 2081 voluisse,
1112 2007 1255 2090 sequitur
1268 2026 1308 2071 ex
1322 2007 1360 2071 iis
1375 2026 1459 2093 qnae
1479 2014 1569 2070 antea

388 2107 525 2192 legimus
545 2129 578 2190 p.
604 2111 677 2184 497,
700 2113 740 2173 D.
763 2109 909 2174 iusi-nui
930 2105 969 2174 τὸ
991 2105 1107 2175 λοιπὸν
1128 2105 1167 2174 οὐ
1190 2104 1320 2187 πόντιος
1342 2109 1469 2202 ῥᾷστον
1487 2112 1569 2176 deei-

389 2214 480 2278 θεῖν.
531 2207 578 2276 Τὸ
606 2215 719 2293 ποῖον,·
755 2211 837 2278 Τι’να
859 2206 983 2301 τρόπον
1004 2213 1288 2300 μεταχειριζομένη
1310 2207 1406 2290 πόλις
1429 2216 1569 2303 ‹prlocu-
1639 2267 1640 2292 ,

391 2314 474 2408 (μίαν
503 2308 542 2379 οὐ
565 2313 734 2381 διολεῖται.
779 2305 826 2379 Ci.
858 2335 929 2381 cum
954 2319 1028 2380 hoc-
1044 2315 1116 2380 loco
1139 2336 1171 2401 p.
1199 2319 1280 2392 503,
1313 2317 1345 2380 C.
1369 2337 1400 2398 p.
1424 2320 1505 2393 502,
1534 2320 1568 2379 D.

390 2426 422 2484 'et
450 2419 621 2504 praecipue
654 2439 688 2502 p.
722 2421 801 2495 502,
835 2423 873 2482 D.
922 2414 1046 2486 Οὐκοῦν
1079 2414 1187 2500 ἐπειδὴ
1222 2420 1322 2485 τοῦτο
1349 2414 1449 2506 μόγις
1480 2422 1568 2496 τέλος
1639 2429 1640 2438 ’

391 2521 472 2610 ἔσχε,
494 2518 537 2589 τόν
558 2523 711 2588 ἐπίλοιπα
734 2519 774 2604 δι’]
795 2518 878 2609 μετὰ
898 2523 997 2590 τοῦτο
1019 2526 1157 2610 λεκτέον,
1179 2523 1253 2588 τίνα
1278 2517 1400 2609 τρόπον
1423 2517 1568 2608 ἡμῖνκαὶ

386 2627 434 2691 ’ἒν
463 2625 587 2692 τίνων
612 2621 878 2712 μαθημάτων
909 2646 945 2690 τε
979 2631 1035 2692 καὶ
1067 2622 1330 2713 ἐπιτηδευμάτων
1361 2629 1392 2693 oi
1420 2627 1565 2714 σωτῆρες

391 2730 559 2795 ἐνέσονται
587 2732 647 2810 τῆς
673 2730 841 2807 πολιτείας
868 2753 900 2794 κ.
931 2754 961 2794 τ.
990 2731 1015 2795 e‘.
1059 2727 1121 2808 Sed
1154 2749 1230 2796 uon*
1253 2729 1393 2798 contenti
1421 2732 1472 2794 his
1504 2751 1567 2794 non

391 2831 571 2898 dubitemus
593 2831 767 2908 affirmare,
793 2836 875 2898 hanc
902 2853 970 2898 rem
999 2835 1177 2909 Socratem,
1210 2841 1361 2920 quantum
1386 2833 1463 2899 satis
1489 2842 1569 2900 esset

390 2940 430 3001 ad
452 2939 536 3002 hunc
558 2939 598 3001 de
612 2936 784 3023 Republica
801 2953 996 3012 sermonem,
1011 2935 1149 3002 voluisse
1167 2936 1325 3023 explicare
1348 2938 1442 3001 etiam
1468 2941 1568 3022 magis

390 3061 486 3125 quam
513 3038 673 3106 iustitiam.
717 3044 797 3105 Nam
824 3063 866 3105 ex
889 3043 1018 3106 notione
1040 3043 1109 3106 eius
1134 3043 1220 3124 quud
1245 3037 1364 3105 bonum
1393 3049 1480 3104 esset
1502 3043 1568 3128 ipsa

388 3141 528 3210 iustitiae
548 3144 638 3208 notio
662 3147 841 3223 derivatum
867 3144 921 3209 illa
943 3154 990 3210 est
1007 3163 1167 3209 summum
1188 3165 1225 3208 ae
1246 3165 1357 3209 verum
1378 3143 1567 3227 principium
1639 3207 1640 3224 ,

391 3245 552 3330 perlectae
574 3247 728 3326 ciritatis3
765 3247 851 3313 illam
878 3245 1057 3333 philosophi
1084 3245 1308 3312 incendenda
1337 3254 1369 3311 et
1394 3247 1566 3313 ordinanda
1639 3226 1640 3254 ό

391 3349 677 3416 civitatecoutueri
699 3353 817 3416 debent
835 3359 867 3419 et
889 3353 988 3434 sequi,
1014 3353 1279 3436 quemadmodum
1302 3371 1440 3416 summus
1461 3354 1568 3416 mundi

390 3453 498 3537 opifex
521 3458 622 3530 Deus,
646 3475 742 3538 quum
768 3454 1013 3540 pulcherrimum
1039 3458 1190 3520 mundum
1213 3457 1381 3530 conderet,
1401 3454 1510 3520 omnia
1533 3455 1568 3520 ad

384 3557 474 3624 illam
491 3556 620 3626 direxit.
664 3563 758 3623 Recte
781 3558 878 3643 igitur
903 3557 986 3643 quod
1016 3561 1120 3623 obiter
1141 3579 1325 3634 monemus,
1360 3557 1568 3644 philosophus

391 3664 553 3727 Timaeum
579 3681 651 3728 cum
676 3661 848 3747 Republica
874 3664 1041 3748 copulavit.
1085 3665 1164 3727 Nam
1192 3671 1228 3730 ut
1255 3663 1288 3726 in
1314 3653 1444 3726 Timaeo
1471 3662 1566 3726 totius

390 3763 499 3829 mnndi
528 3763 722 3830 creationem
753 3774 784 3829 et
809 3765 973 3841 ordinem,
1012 3767 1057 3830 sic
1090 3768 1122 3830 iu
1151 3765 1199 3830 bis
1225 3764 1314 3830 libris
1331 3764 1563 3850 Reipublicae,
1639 3841 1640 3858 χ

391 3885 431 3930 ex
453 3866 563 3932 iisdem
582 3868 745 3954 principiis
763 3869 943 3952 explicavit.
986 3871 1072 3933 Haec
1096 3868 1160 3935 duo
1182 3870 1278 3952 igitur
1293 3870 1448 3950 opera'in
1469 3889 1565 3933 unum

390 3971 479 4057 quasi
510 3973 630 4056 corpus'
654 3969 842 4036 coalescunt.
887 3973 938 4036 Sic
968 3981 1076 4037 nostra
1105 3976 1144 4036 de
1171 3967 1379 4056 Reipublicae
1404 3969 1468 4036 tine
1497 3993 1567 4036 sen·
1639 4045 1640 4052 ς

389 4074 486 4138 tentia
517 4076 645 4160 egregie
670 4073 821 4139 firmatur.
865 4073 960 4151 Quod
992 4078 1019 4140 si
1046 4095 1122 4140 vero
1144 4075 1176 4139 in
1197 4075 1315 4140 iustitia
1335 4085 1482 4140 versetur
1504 4075 1567 4139 dia·

389 4176 494 4261 logus,
521 4184 587 4240 tum
612 4180 726 4245 horum
749 4197 880 4263 operum
905 4178 1076 4244 similitudo
1098 4177 1181 4244 nulla
1203 4187 1272 4254 est,
1303 4199 1362 4242 nec
1383 4177 1568 4263 intelligitur
1639 4207 1640 4224 ι

391 4298 448 4346 cru
469 4299 510 4347 ea
531 4279 680 4369 coniungi
703 4280 841 4347 voluerit
865 4290 986 4350 auctor.
1501 4303 1504 4316 .
