3296 5232
833 391 1069 458 ...308-

1639 473 1640 500 l

359 551 494 628 luerint,
519 545 559 618 cs.
580 549 649 618 Pol.
670 547 727 616 lib.
750 551 804 616 IV.
827 573 861 635 p.
885 552 961 616 lei.
984 571 1055 639 sqq.
1084 551 1136 616 ed.
1168 551 1232 630 st.;
1263 557 1428 637 postremo
1455 552 1547 634 quod

359 664 498 742 quatuor
520 655 691 722 virtutibus
716 655 869 722 vitiorum
898 662 1034 743 quatuor
1061 675 1178 740 genera
1212 653 1384 740 opposuit,
1418 647 1545 720 τοιαῦτ’

359 757 460 843 ἀττα,
493 749 608 847 οἶμαι,
640 753 789 846 φήσομεν
818 765 874 826 καὶ
908 756 965 840 τὴν
998 754 1123 826 τούτων
1154 755 1304 848 ταραχὴν
1331 762 1388 826 καί
1417 751 1549 838 πλοίνην

359 853 444 931 εἶναι
465 859 525 948 τήν
547 888 581 930 τε
610 859 742 930 ἀδικίαν
769 867 826 930 καὶ
853 858 1037 930 ἀκολασίαν
1064 868 1119 930 καὶ
1149 863 1274 930 δειλίαν
1299 867 1356 928 καὶ
1384 857 1549 948 ἀμαθίαν

358 972 414 1040 καί
437 961 626 1054 συλλήβδην
647 967 759 1034 πᾶσαν
787 968 914 1034 κακίαν.
936 965 975 1036 cf.
1001 966 1067 1036 Pol.
1088 963 1145 1033 lib.
1170 968 1224 1034 IV.
1254 987 1285 1054 p.
1303 967 1377 1030 etl.
1404 967 1451 1032 St.
1479 973 1551 1030 tan-
1639 1019 1640 1050 3

359 1070 433 1144 dem
455 1074 540 1158 quod
561 1075 667 1138 virum
687 1075 852 1138 honestum
885 1069 1069 1156 bonumque
1098 1093 1196 1138 unum
1217 1091 1287 1136 esse
1320 1069 1415 1146 dicit,
1450 1090 1550 1136 unam

359 1179 455 1243 etiam
483 1177 658 1261 perfectam
683 1177 864 1251 civitatem.
892 1175 1042 1242 vitiorum
1079 1196 1156 1242 rero
1190 1195 1260 1242 csso
1297 1171 1551 1240 innumerabilia
1639 1245 1640 1260 ¹

358 1301 494 1366 genera,
526 1288 664 1368 quatuor
691 1287 796 1346 autem
817 1278 963 1365 inprimis
985 1279 1134 1366 insignia,
1158 1281 1427 1365 quemadmodum
1451 1278 1551 1343 etiam

358 1394 494 1472 quatuor
521 1384 682 1458 civitatum
714 1391 934 1470 corruptarum
961 1403 1078 1469 genera
1109 1404 1198 1470 prae
1216 1386 1330 1450 ceteris
1364 1382 1399 1449 in
1435 1381 1550 1448 oculos

358 1491 530 1556 incurrant.
580 1491 674 1567 Quod
703 1487 730 1553 si
759 1489 856 1572 igitur
886 1492 965 1552 haec
996 1489 1085 1553 varia
1116 1489 1282 1553 homiuum
1314 1485 1550 1572 civitatumque

358 1613 476 1678 genera
509 1591 762 1679 computaveris,
800 1593 942 1678 quinque
982 1593 1148 1657 hominum
1186 1591 1307 1678 species
1346 1590 1551 1675 totidemque

358 1696 518 1764 civitatum
546 1698 758 1781 reperientur.
803 1695 850 1762 ef.
874 1695 942 1762 Pol.
966 1694 1022 1761 lib.
1047 1698 1100 1760 IV.
1124 1715 1157 1782 p.
1182 1696 1255 1761 tl5.
1279 1695 1322 1762 Sl.
1367 1695 1441 1760 Kal
1464 1692 1550 1780 μὴν,

355 1787 399 1888 ἦν
420 1797 452 1868 δ’
477 1797 553 1887 ἐγὼ,
576 1793 767 1892 ἀςπεράπό
790 1801 930 1878 σκοπιᾶς
952 1823 1012 1886 μοι
1040 1799 1212 1891 φαίνεται,
1245 1793 1354 1883 ἐπειδὴ
1388 1799 1550 1864 ἐνταῦθα

357 1900 611 1993 ἀναβεβήκαμεν
649 1905 709 1971 τοῦ
747 1899 865 1992 λόγου,
899 1896 935 1970 ἓν
972 1911 1033 1991 μὲν
1065 1894 1149 1970 εἶναι
1183 1893 1270 1980 εἶδος
1309 1903 1369 1986 τῆς
1406 1895 1548 1991 ἀρετῆς,
1639 1895 1640 1908 ’

359 2006 481 2096 ἄπειρα
514 2013 551 2076 δὲ
581 2009 641 2094 τῆς
669 2008 802 2088 κακίας,
837 2011 979 2097 τέτταρα
1008 2002 1041 2074 δ’
1071 2009 1105 2074 ἐν
1134 2002 1249 2084 αὐτοῖς
1277 2001 1380 2086 ἀττα,
1416 1995 1463 2072 ὧν
1497 2009 1551 2070 καί

356 2109 449 2194 ἀξιον
471 2111 731 2200 ἐπιμνησθῆναι.
775 2112 857 2188 Πῶς
875 2115 994 2196 λέγεις,
1012 2103 1090 2204 Ιἔφη.
1125 2101 1241 2189 Ὅσοι,
1262 2095 1305 2197 ἦν
1329 2104 1362 2176 δ’
1382 2105 1468 2196 ἐγὼ,
1493 2133 1552 2175 πο-
1639 2201 1640 2204 ¹

358 2217 485 2282 λιτειάν
517 2210 636 2305 τρόποι
665 2211 747 2281 εἰσὶν
779 2216 847 2296 είδη
881 2213 1022 2301 ἀίοντες,
1051 2215 1208 2280 τοσοῦτοι
1234 2207 1465 2280 κινδυνεύουσι
1496 2216 1552 2278 καὶ
1639 2225 1640 2280 ζ

357 2319 471 2413 ψυχῆς
493 2314 611 2409 τρόποι
634 2309 727 2386 εἶναι’.
770 2313 883 2384 Πόσοι
905 2309 1098 2404 Solomone
1119 2323 1208 2402 μὲν,
1226 2303 1266 2398 ἦν
1287 2311 1320 2384 δ’
1345 2311 1423 2402 ἐγὼ,
1452 2319 1551 2382 πολι-
1639 2303 1640 2330 ³

357 2424 467 2503 cccciv,
489 2423 581 2490 πέντε
597 2425 631 2489 δὲ
646 2423 768 2516 ψυχῆς.
811 2423 904 2499 Quod
920 2422 947 2487 si
960 2423 1096 2506 deniqne
1108 2421 1204 2486 animi
1219 2419 1348 2486 humani
1360 2427 1474 2506 partes
1487 2441 1550 2485 non
1639 2493 1640 2502 ¹

357 2525 441 2596 bene
454 2527 614 2594 ordinatae
634 2531 891 2612 temporalaequo
905 2525 1039 2600 fuerint,
1060 2546 1187 2591 omnem
1202 2524 1298 2590 vitam
1313 2525 1459 2590 omnium
1477 2545 1548 2608 per·

358 2633 440 2697 verli
451 2625 613 2698 affirmat(
631 2632 676 2698 Cf.
687 2633 756 2696 Pol.
777 2629 834 2696 lib.
847 2630 901 2694 IV.
913 2649 945 2716 p.
956 2629 1031 2694 dtu.
1045 2633 1097 2696 ed.
1112 2633 1157 2695 St.
1190 2629 1262 2695 Kal
1279 2623 1385 2694 τούτω
1402 2624 1444 2714 δὴ
1464 2619 1550 2695 οὕτω
1639 2669 1640 2676 ο

362 2739 592 2828 conmittendi
605 2729 646 2812 ἀς
654 2729 794 2816 ἀληθῶς
802 2730 843 2799 τά
853 2729 961 2800 αὐτῶν
968 2728 1123 2819 μαθόντε
1133 2736 1188 2799 καί
1196 2735 1417 2800 condonatione
1424 2728 1552 2824 προςή-

360 2863 456 2908 οετον
478 2840 537 2910 τοῦ
560 2839 823 2926 ἐπιθυμητικοῦ,
848 2830 867 2904 δ
889 2834 928 2924 δὴ
952 2841 1084 2915 πλεῖςον
1106 2838 1166 2923 τῆς
1179 2837 1292 2930 ψυχῆς
1307 2837 1339 2903 ἐν
1353 2830 1463 2928 ἑκοίςῳ
1480 2837 1549 2902 ἐστὶ

359 2948 414 3010 καὶ
440 2937 617 3033 χρημάτων
647 2936 746 3034 φύσει
774 2935 1021 3023 ἀπληςότατον,
1051 2935 1287 3032 δτηρήσετον,
1316 2935 1365 3027 μοί
1394 2940 1441 3031 τῷ
1474 2940 1551 3027 πίμ-

358 3050 520 3118 πλασθαι
543 3047 606 3118 τῶν
626 3051 699 3136 περὶ
722 3040 760 3111 τό
782 3045 877 3132 σῶμα
900 3047 1107 3131 καλουμένων
1127 3038 1256 3129 ἡδονῶν
1277 3039 1358 3110 croti
1380 3049 1438 3110 καὶ
1456 3039 1551 3130 ἰσχυ-

361 3148 421 3240 ρόν
442 3145 614 3239 γενόμενον
629 3146 689 3217 οὐκ
705 3137 747 3215 αὗ
764 3145 806 3215 τά
821 3143 925 3215 αὑτοῦ
940 3144 1086 3242 πράττῃ,
1108 3142 1194 3218 ἀλλὰ
1212 3141 1552 3215 καταδουλώσασθαι
1639 3175 1640 3206 ι

360 3261 416 3323 καὶ
443 3251 555 3346 ἄρχειν
583 3250 771 3347 ἐπιχειρήσῃ
798 3242 841 3319 ὧν
869 3249 907 3320 οὐ
940 3254 1105 3345 προςῆκον
1131 3247 1222 3344 αὐτῷ
1250 3255 1349 3339 γένει,
1380 3255 1437 3318 καὶ
1472 3245 1552 3338 ξύμ·

360 3383 472 3430 ποντα
494 3356 552 3428 τὸν
572 3359 647 3446 βίον
667 3353 797 3426 πάντων
819 3352 1003 3451 ἀνατρέψῃ.

368 3635 611 3740 Οολίίηαιιίαν
638 3657 764 3710 omnes
791 3629 1037 3733 Reipublicae
1059 3633 1134 3707 loci
1161 3633 1295 3732 quidus
1311 3629 1428 3708 Plato
1452 3656 1551 3708 eon·

435 3772 518 3846 dem
532 3793 625 3865 νυνι,
652 3767 699 3843 de
720 3790 796 3867 quo
819 3767 879 3840 dic
904 3767 1052 3867 ayllon,
1077 3765 1232 3865 μίυπίιιο
1255 3769 1469 3868 proposuit.

363 4031 367 4039 -
455 3985 517 4051 Sed
538 4005 579 4051 ne
599 4003 683 4050 nunc
704 3980 832 4068 quidem
853 3983 893 4046 ad
920 3982 1021 4068 ipsum
1042 3979 1122 4055 loci,
1154 3983 1194 4046 de
1217 3999 1279 4066 quo
1300 3979 1420 4064 agitur,
1444 3980 1548 4068 expli·

369 4094 527 4160 nationem
554 4089 704 4153 accedere
730 4086 814 4153 licet.
858 4087 1043 4154 Necessario
1071 4089 1156 4150 enim
1186 4087 1347 4170 sequenda
1374 4090 1423 4149 est
1452 4086 1551 4151 iuter-

370 4206 496 4282 prelum
517 4191 729 4267 cousuetudo,
752 4191 807 4278 qui
828 4211 1033 4277 quaecunque
1053 4188 1193 4255 difficilia
1212 4175 1374 4255 intellectu
1394 4188 1472 4269 sint,
1496 4192 1553 4254 ad·
1639 4215 1640 4280 j

371 4303 490 4369 vocatis
516 4301 551 4366 in
577 4295 730 4364 amnium
756 4295 826 4363 aliis
857 4295 934 4363 locis
965 4293 1159 4364 facilioribus
1182 4293 1345 4379 explicare
1379 4301 1549 4362 conantur.
1639 4285 1640 4290 ’
