3296 5232
379 539 584 633 διήλθομενς
615 542 695 611 Πιῖν
714 538 917 627 τούναντίον,
938 541 1013 638 ἔφη·
1032 538 1056 626 ’ἦ
1075 549 1137 630 μὲν
1157 541 1223 636 γὰρ
1246 541 1375 632 ἀρίστη,
1398 539 1420 629 ἦ
1444 548 1480 613 δὲ
1504 571 1562 614 κα.

377 648 482 731 κίστη.
527 643 595 714 Οὐκ
617 641 788 738 ἐρήσομαι,
811 639 915 729 εἶπον,
938 644 1100 738 ὁποτέραν
1121 651 1234 735 λέγεις·
1262 651 1363 730 δῆλον
1384 641 1462 737 γάρ.
1491 645 1559 717 ἀλλ’

377 747 589 842 εὐδαιμονίας
610 775 644 817 τε
664 737 708 818 αὖ
731 756 787 819 καλ
809 747 1016 834 ἀθλιότητος
1038 747 1208 832 ὡσαύτως,
1237 748 1259 834 ἢ
1287 749 1397 831 ἄλλως
1423 753 1562 844 κρίνεις;

377 851 433 923 καὶ
460 851 509 942 μὴ
535 849 796 942 ἐκπληττώμεθα
818 852 900 947 πρὸς
924 853 981 923 τὸν
1003 850 1165 946 τύραννον
1186 858 1243 923 ἕνα
1266 852 1348 923 ὄντα
1369 859 1561 943 βλέποντες,

374 953 454 1048 μηδ’
479 960 513 1026 εἴ·
528 955 613 1037 τινες
634 953 741 1043 ὀλίγοι
762 964 836 1050 περὶ
857 960 995 1039 ἐκεῖνον,
1025 954 1094 1026 ἀλλ’
1125 953 1168 1038 ῶς
1192 951 1359 1050 χρὴ.ύλην
1381 957 1444 1042 τὴν
1466 956 1564 1028 πόλιν

375 1055 594 1140 εἰσελθόντας
615 1056 841 1144 θεάσασθαι,
870 1057 1070 1141 καταδύντες
1097 1058 1143 1142 εἰς
1171 1054 1307 1130 ἅπασαν
1334 1069 1390 1130 καὶ
1419 1058 1563 1144 ἰδόντες,

374 1157 460 1234 σύτω
483 1159 586 1246 δόξαν
602 1159 891 1257 ’ἀποφαινώμεθα
931 1160 1019 1233 Ἀλλ’
1039 1161 1177 1253 ὀρθῶς,
1205 1165 1286 1258 ἔφη,
1308 1168 1474 1262 προκαλῇ·
1507 1174 1561 1234 καὶ

375 1271 475 1351 δῆλον
496 1273 604 1350 παντὶ,
627 1259 681 1336 ὅτι
703 1271 963 1359 τυραννουμένης
982 1275 1048 1356 μὲν
1064 1264 1125 1338 οὐκ
1146 1268 1235 1336 ἔστιν
1255 1265 1477 1360 ἀθλιωτέρα,
1503 1274 1564 1357 βα-

377 1376 586 1461 σιλευομένης
613 1373 650 1438 δὲ
679 1367 739 1438 οὐκ
765 1366 1051 1461 εύδαιμυνεστὲρα.
1095 1373 1141 1440 ct.
1169 1393 1202 1460 p.
1231 1373 1313 1450 576,
1344 1374 1379 1439 C.
1407 1395 1486 1462 sqq.
1519 1377 1562 1441 St.

376 1479 500 1544 Pendet
526 1475 571 1541 ita
599 1474 741 1562 quaestio
772 1477 874 1542 ethica
903 1479 943 1542 de
965 1474 1081 1541 virtute
1101 1481 1136 1541 et
1156 1474 1306 1542 beatitate
1327 1497 1346 1542 a
1368 1481 1561 1565 quaestione

377 1579 518 1668 politica,
543 1577 717 1665 eademque
738 1579 771 1645 io
793 1580 842 1644 his
863 1579 1073 1664 investigandi
1094 1579 1175 1645 ratio
1196 1577 1331 1658 obtinet,
1355 1601 1456 1668 quam
1480 1582 1562 1648 libro

378 1691 502 1769 quarto
521 1684 666 1750 obtinere
695 1679 846 1761 uidimus,
879 1705 976 1770 quum
1006 1683 1157 1750 iustitiam
1183 1682 1322 1767 primum
1349 1684 1383 1749 in
1414 1684 1562 1763 civitate,

378 1785 492 1855 deinde
512 1788 548 1854 in
569 1788 676 1853 animo
698 1795 867 1874 quaereret
887 1785 1104 1884 philosophus2
1126 1787 1204 1853 illud
1226 1790 1299 1874 quia
1313 1791 1434 1854 docere
1455 1787 1561 1864 veliet,

377 1911 447 1957 esse
469 1894 552 1960 hano
572 1888 729 1959 civitatem
751 1911 791 1955 en
811 1890 948 1967 institia,
980 1898 1129 1976 tanquam
1157 1890 1327 1976 imaginem
1343 1897 1397 1958 'ex
1420 1913 1485 1958 οτε
1509 1893 1562 1958 ali·

381 2013 463 2082 quo,
493 2013 693 2080 expressam,
727 1997 788 2059 hoo
816 1995 890 2080 quio
911 1993 1063 2060 iustitiam
1084 1994 1186 2079 ipsum
1215 2004 1363 2080 tanquam
1394 1999 1563 2081 exemplar

381 2097 527 2182 imaginis
547 2095 622 2161 iude
645 2116 816 2179 expressae
837 2117 1017 2185 proponere
1025 2137 1040 2175 ,·
1068 2105 1162 2163 etex
1185 2097 1290 2164 animo
1312 2098 1454 2166 hominis
1478 2102 1563 2186 prin·

380 2202 463 2288 cipia
485 2199 619 2267 civitatis
641 2219 716 2266 suae
733 2210 884 2289 repetere
905 2187 1012 2266 vellet.
1054 2203 1102 2266 Ita
1122 2203 1156 2265 in
1177 2199 1226 2266 bis
1247 2219 1376 2288 quoquo
1399 2223 1500 2268 orsus
1521 2211 1563 2268 est

379 2327 399 2371 a
421 2306 547 2371 civitate
569 2306 750 2391 tyrannica,
780 2325 861 2392 quae
882 2312 918 2369 ut
939 2304 1048 2371 civitas
1069 2301 1208 2388 perfecta
1230 2306 1383 2380 iustitiae,
1414 2306 1460 2371 ita
1485 2309 1563 2371 inin·

381 2409 484 2475 stitiae
513 2411 668 2496 quaedam
697 2410 786 2495 qnasi
816 2413 921 2493 imago
943 2403 1014 2474 est'
1044 2408 1174 2486 Quibus*
1196 2407 1378 2492 explicatis,
1409 2430 1453 2474 ne
1487 2413 1561 2475 haec

381 2511 526 2600 quaestio
555 2511 760 2577 fundamento
788 2532 847 2580 suo
877 2519 1018 2588 careret,
1048 2513 1091 2578 ad
1120 2511 1259 2576 animum
1287 2510 1426 2577 hominis
1456 2533 1561 2578 sermo

378 2618 477 2693 redit,
508 2615 603 2699 plane
626 2618 739 2681 eodem
760 2618 856 2680 modo
878 2623 913 2680 nt
933 2617 1016 2680 libro
1039 2621 1149 2700 quarto
1171 2616 1286 2680 fectum
1310 2623 1368 2681 est.
1414 2618 1560 2682 Profecto

380 2713 486 2786 autem
518 2737 583 2783 non
616 2719 706 2785 latuit
734 2718 960 2803 philosophum
992 2739 1057 2783 non
1085 2737 1161 2784 vere
1189 2715 1340 2804 explicari
1371 2717 1560 2785 iniustitiam

379 2826 512 2909 eiusque
533 2825 664 2887 effeetus
686 2821 719 2886 in
740 2825 880 2888 animum
901 2821 1040 2887 hominis
1066 2822 1299 2908 comparatione
1328 2841 1405 2887 cum·
1428 2822 1561 2889 eivitati-

296 2965 299 2980 ·
377 2929 438 2993 nus
458 2927 567 2990 faetus
596 2923 728 2990 Politiea
756 2928 853 3010 igitur
885 2927 1028 3011 quaestio
1058 2930 1119 2991 hoe
1147 2927 1243 2990 etiam
1270 2924 1341 2990 loeo
1368 2943 1433 2991 non
1458 2925 1560 2992 solum
1630 2953 1631 3007 3

378 3030 551 3115 praeeedit,
570 3033 636 3096 sed
660 3031 754 3095 etiam
776 3031 949 3114 praecipua
971 3035 1029 3094 est.
1074 3033 1153 3093 Nam
1176 3029 1393 3114 quaestionem
1416 3032 1458 3095 de
1483 3031 1561 3097 inin·

378 3134 482 3200 stitiao
502 3133 536 3200 vi
559 3143 652 3219 atque
675 3136 790 3198 effecto
810 3135 843 3197 in
866 3132 978 3198 animis
1001 3132 1163 3198 hominnm
1190 3131 1243 3197 hie
1264 3151 1327 3196 non
1348 3141 1437 3198 reete
1459 3134 1557 3211 solvi,

378 3241 431 3303 vel
452 3240 527 3304 inde
548 3243 653 3325 patet,
685 3235 771 3322 quod
793 3241 965 3302 seeundum
987 3237 1151 3302 Platonem
1172 3237 1341 3301 miserrimi
1365 3245 1453 3312 sunt,
1489 3237 1560 3304 lieet
1629 3293 1630 3308 1

377 3341 486 3408 iniusti
507 3360 572 3407 non
593 3341 674 3417 sint,
705 3342 758 3424 qut
786 3349 986 3424 tyrannoram
1014 3342 1140 3424 imperio
1162 3349 1303 3424 pereant.
1355 3341 1443 3406 Haeo
1475 3348 1559 3406 tanto

378 3447 478 3532 magis
500 3447 659 3511 mirabilia
681 3443 783 3509 vndern
804 3461 933 3508 necesse
953 3450 1014 3521 est,
1039 3465 1103 3530 quo
1118 3445 1231 3510 melius
1245 3441 1333 3509 Piuto
1348 3443 1452 3521 seivit,
1478 3449 1560 3510 unde

380 3549 457 3616 haee
480 3551 584 3616 omnis
602 3547 746 3634 quaestio
768 3546 940 3632 penderet,
967 3532 1039 3636 Ἆρ’
1071 3533 1143 3624 οὖν,
1173 3534 1213 3629 ἦν
1235 3543 1267 3613 δ’
1293 3544 1371 3632 ἐγὼ,
1403 3551 1460 3614 καὶ
1490 3553 1560 3636 περὶ

381 3654 444 3719 τῶν
466 3647 596 3742 ἀνδρῶν
619 3647 660 3717 τὰ
682 3645 768 3717 αὐτὰ
790 3653 897 3718 ταῦτα
915 3645 1181 3737 προκαλούμενος
1196 3647 1311 3740 ὀρθῶς
1326 3645 1368 3718 ῶν
1381 3651 1560 3740 προκαλού-

381 3779 459 3841 μην,
486 3752 585 3837 ἀξιῶν
614 3754 732 3844 κρίνειν
757 3758 828 3842 περὶ
851 3750 959 3821 αὐτῶν
981 3755 1116 3833 ἐκεῖνον,
1145 3747 1182 3832 ῶς
1204 3749 1342 3820 δύναται
1364 3753 1403 3848 τῇ
1427 3755 1561 3844 διανοίᾳ

380 3852 429 3936 εἰς
457 3852 575 3946 ἀνδρὸς
604 3843 695 3938 ἦθος
725 3853 816 3935 ἐνδύς
845 3859 958 3924 διιδεῖν
984 3861 1039 3922 καὶ
1065 3851 1111 3942 μὴ
1139 3851 1298 3948 καθάπερ
1327 3861 1406 3934 παῖς
1434 3855 1560 3938 ἔξωθεν

381 3958 468 4052 ὁρῶν
500 3955 711 4042 ἐκπλήττεται
742 3955 807 4027 ὑπὸ
840 3960 898 4044 τῆς
930 3961 992 4025 τῶν
1024 3960 1225 4050 τυραννικῶν
1256 3954 1489 4046 προστάσεως,
1520 3955 1560 4042 ἣν

381 4060 466 4156 πρὸς
487 4060 564 4142 τοὺς
586 4063 642 4144 ἔξω
664 4065 929 4152 σχηματίζονται,
951 4058 1019 4132 ἀλλ’
1037 4065 1154 4140 ἱκανῶς
1169 4063 1266 4151 διορᾶ
1280 4086 1289 4143 ;
1304 4087 1332 4132 κ.
1353 4087 1382 4130 τ.
1396 4065 1420 4130 ἑ.
1434 4083 1469 4149 p.
1485 4067 1558 4141 576,

377 4173 420 4236 Ἑ.
446 4171 507 4245 st,
531 4187 590 4232 neo
611 4166 703 4234 seivit
723 4170 956 4242 tantummodo,
987 4169 1045 4234 sed
1068 4164 1161 4232 etiam
1184 4166 1254 4250 ipse
1277 4165 1558 4252 insequentibus,

377 4280 420 4341 'nt
439 4291 515 4343 mox
534 4267 730 4347 videbimus,
759 4277 879 4338 rectam
901 4271 985 4342 viam
1006 4270 1084 4342 iniit.
1106 4305 1149 4322 ··-
1168 4273 1290 4338 Deinde
1310 4273 1399 4338 Plato
1421 4273 1560 4357 tyranni·
1627 4275 1628 4301 ¹
