3312 5238
866 332 1100 398 --16-

391 483 440 568 ὡς
466 484 587 578 ἡμεῖς
608 484 742 558 παλαι
763 494 1043 584 περιμένομεν
1073 486 1268 580 οἰόμενοί
1289 514 1331 558 σε
1359 513 1439 558 που
1467 514 1565 576 μνη-

391 588 642 674 σθήσεσθαι
669 595 951 674 παιδοποιίας
979 620 1020 663 τε
1056 598 1168 685 πέρι,
1204 596 1286 674 πῶς
1313 589 1566 674 παιδοποιή-

391 704 557 816 606666,
595 701 666 764 καὶ
696 702 946 785 γενομένους
977 700 1058 777 πῶς
1091 702 1337 793 θρέψουσι,
1373 702 1443 764 καὶ
1475 687 1567 780 ίίλιγν

391 795 547 882 ταύτην
579 794 626 882 ίγν
658 804 789 888 λέγεις
821 802 1044 869 κοινωνίαν
1071 803 1282 887 γυναικῶν
1310 827 1351 868 τε
1379 806 1448 868 καὶ
1477 801 1567 868 παί-

388 909 482 973 δων·
503 907 605 992 μέγα
628 899 714 1025 γάρ
726 929 762 971 τι
785 900 969 992 οἰόμεθα
991 907 1135 997 φέρειν
1156 911 1224 972 καὶ
1247 897 1348 972 ίίλον
1369 900 1429 984 εἰς
1450 908 1567 972 πολι-

391 1009 507 1076 τείαν
530 1002 714 1094 ὀρθῶς’
692 1035 713 1087 ιγ
734 1004 786 1094 μίγ
809 1003 954 1097 ὀρθῶς
973 1004 1240 1095 γιγνόμενον.
1262 1010 1330 1076 νῦν
1352 995 1442 1090 οὖν,
1463 1010 1567 1074 ἕπει-

389 1109 436 1196 δίγ
464 1107 593 1192 ι’ίλλιγς
621 1105 894 1204 ἐπιλαμβάνῃ
916 1112 1153 1190 πολιτείας,
1190 1117 1297 1201 πρὶν
1315 1111 1450 1179 ταῦτα
1480 1114 1566 1178 ἱκα-

389 1217 469 1294 νῶς
490 1216 737 1290 διελέσθαι,
761 1215 961 1280 δέδοκται
983 1209 1244 1300 ἡμῖντοῠτ-ο,
1266 1209 1286 1281 6
1309 1211 1355 1281 66
1377 1212 1566 1296 ἤκουσας,

389 1315 435 1386 τὸ
472 1325 513 1385 σὲ
547 1313 599 1403 μίγ
630 1319 855 1402 μεθιέναι,
889 1323 985 1408 πρὶν
1019 1313 1232 1384 civ-rafim
1267 1313 1401 1384 πάντα
1438 1310 1565 1406 ίίσπερ

389 1409 523 1488 τᾶλλα
546 1422 736 1512 διέλθῃς.
781 1422 929 1487 Και’ὲ
875 1428 929 1508 εμὲ
952 1420 1070 1496 τοίνυν,
1094 1415 1112 1486 6
1135 1416 1336 1487 Ιλαιίκων”
1317 1447 1392 1514 ειγιγ,
1413 1418 1566 1488 κοινωνὸν

388 1526 448 1608 τῆς
469 1518 591 1616 ψήφου
613 1517 736 1604 ταύτης
759 1525 886 1590 τίθετε
926 1517 1074 1610 Λμέλει,
1097 1521 1161 1615 ἔφη
1186 1519 1204 1591 6
1231 1521 1465 1649 Θρασύμαχος,
1487 1525 1564 1591 πᾶσι

292 1633 297 1640 ’
390 1629 496 1696 ταῦτα
512 1613 962 1714 δεδογμέναίγμῖννὸμιζε,
940 1653 964 1692 ω
986 1621 1182 1746 Σώκρατες
1224 1619 1336 1709 Οἴου,
1357 1613 1461 1710 666
1488 1625 1564 1714 ἐγὼ,

389 1726 658 1822 εἰργάσασθε
693 1723 999 1828 επιλαβόμενοί
1029 1755 1128 1816 μου.
1162 1716 1263 1798 ὅσον
1293 1727 1414 1816 λόγον
1440 1721 1566 1799 ποίλιν

390 1861 524 1932 ωσπερ
555 1828 641 1914 ἐξ
622 1859 750 1921 αρχιγς
777 1839 931 1901 κινεῖτε
957 1837 1050 1923 περὶ
1081 1833 1152 1915 τῆς
1180 1829 1459 1917 πολιτείας,“
1445 1859 1494 1918 ιγν
1521 1829 1565 1912 ὡς

388 1936 463 2024 ίίδιγ
487 1933 789 2018 διελιγλυθῶς”
771 1961 892 2022 εγωγε
915 1933 1090 2025 ἔχαιρον,
1114 1931 1288 2022 ἀγαπῶν,
1311 1939 1352 2006 εἴ
1367 1964 1430 2018 τις
1451 1933 1565 2036 66606
1629 2019 1630 2038 ρ

388 2038 525 2111 ταῦτα
548 2033 905 2129 οἰπσδειξιίμενοςτ
883 2066 931 2117 ως
960 2033 1057 2159 τγτε
1088 2035 1265 2164 ἐρρήθη.
1296 2033 1318 2105 6⁸
1347 2041 1442 2108 νῦν
1451 2021 1566 2128 ὗμεῖς

389 2139 734 2267 παρακγιλοῦντες
760 2137 836 2210 οὐκ
865 2143 954 2210 ίστε
982 2133 1082 2209 ὅσον
1112 2139 1237 2234 ἐσμὸν
1259 2138 1428 2262 λόγων
1411 2145 1566 2230 επεγεί-

388 2263 496 2342 ρετε·
525 2240 570 2314 δυ
593 2239 697 2335 ὁρῶν
718 2241 793 2366 ε’γίγ
812 2245 978 2368 παρῆκα
1002 2239 1112 2326 τότε,
1133 2243 1188 2333 μίγ
1207 2243 1417 2338 παράσχοι
1438 2243 1566 2316 πολὺν

390 2351 549 2470 ὄχλον
576 2349 616 2416 Τί
638 2349 690 2430 δέγ
713 2333 826 2430 ίγδΗ
815 2341 866 2426 ιίς,
890 2343 908 2414 6
936 2343 1171 2437 Θρασύμαχος·
1190 2374 1487 2476 χρυσογοιγσαντοις
1509 2353 1566 2417 οἴει
1629 2379 1630 2396 .

388 2451 505 2525 τούσδε
527 2455 586 2522 νῦν
608 2445 911 2542 ε’νθοίδεᾶιγῑχθαι,
933 2447 1001 2518 ἀλλ’
1026 2447 1467 2594 οιίλόγογνοίκουσσμένοιγςγ
1490 2459 1565 2534 Ναὶ,

389 2547 506 2664 εἷπον,
518 2555 656 2673 μετρίων
676 2579 722 2641 γε.
764 2557 900 2644 Μέτρον
921 2549 1004 2621 δέ
977 2581 1017 2640 γ,
1046 2553 1126 2646 ίιγιγ,
1149 2541 1174 2621 6
1194 2551 1393 2678 Σώκρατες,
1417 2552 1435 2624 6
1458 2552 1566 2624 Γλαιί-
1629 2615 1630 2640 ,

388 2689 467 2783 κιγυ,
497 2654 655 2733 τοιούτοιν
683 2653 838 2779 λόγων’
819 2653 950 2725 ακοιίειν
978 2647 1093 2736 ὅλος(
1078 2683 1104 2730 ο
1118 2657 1193 2776 βίιγς
1214 2661 1291 2726 νοῦν
1313 2659 1453 2748 ἔχουσιν.
1483 2655 1566 2726 ἀλλὰ
1629 2663 1630 2702 ³

390 2761 428 2833 τὸ
455 2772 515 2854 μὲν
537 2759 693 2852 ιγμέτερον
716 2757 830 2827 ἔα·σύ
854 2765 888 2827 δὲ
874 2765 983 2850 ἑπερι
1005 2749 1048 2827 ὧν
1070 2761 1236 2884 ἐρωτῶμεν
1256 2758 1462 2850 μιγδαμῶς”
1439 2758 1567 2830 αποκυί-

387 2896 452 2964 μγς
472 2857 492 2963 ἦ
516 2892 568 2934 σοι
591 2868 683 2932 δοκει
701 2861 888 2946 διεξιὼν,
857 2890 905 2944 τις
926 2891 946 2946 ιγ
969 2865 1122 2931 κοινωνία
1144 2870 1214 2943 τοῖς
1219 2861 1418 2990 γίλγιξιν
1383 2871 1478 2988 νιγμῖν
1491 2868 1567 2934 παί-
1629 2919 1630 2922 .

389 2977 454 3040 διον
482 2997 515 3038 τε
537 2973 617 3060 πέρι
644 2973 699 3034 καὶ
725 2968 888 3086 γυναικῶν
918 2965 1009 3035 ἔσται
1039 2973 1094 3034 καὶ
1126 2969 1253 3091 τροιγῆς
1278 2973 1356 3036 νέων
1378 2969 1425 3038 ἔτι
1448 2967 1567 3052 ὄντων,

387 3103 446 3201 γγγς
473 3077 506 3143 ἐν
533 3075 578 3167 τῷ
604 3067 723 3162 μεταξὺ
747 3067 856 3164 χρόνω
877 3073 1069 3158 γιγνοιιένιγς
1081 3067 1241 3192 γενέσεώς
1264 3098 1296 3150 τε
1318 3077 1375 3141 καὶ
1394 3074 1566 3152 παιδείας,

387 3171 409 3248 δ’
438 3174 523 3262 δίγ
508 3171 733 3260 επιπονωτοίτιγ
762 3178 855 3241 δοκεῖ
878 3163 970 3243 εἶναι.
996 3175 1097 3297 πειρῶ
1119 3161 1177 3242 οὖν
1200 3171 1322 3262 εἰπεῖν,
1344 3177 1417 3243 τίνοι
1430 3172 1565 3294 ἰτρόπον

388 3287 441 3353 δεῖ
457 3283 636 3374 γίγνεσθαι
658 3274 807 3399 αὖτιγν
818 3273 863 3343 06
886 3265 1057 3399 ροίδιον,
1036 3303 1061 3344 ιι
1083 3273 1249 3365 εὔδαιμον,
1272 3266 1402 3362 ἦιιδἱ
1386 3274 1458 3366 ι’γώ,
1482 3281 1567 3346 διελ

388 3392 477 3455 θειν·
505 3380 631 3492 πολλίις
650 3377 734 3509 γὰρ
738 3377 893 3500 ἀπιγτίας
916 3380 978 3469 ε’γγει
1001 3379 1049 3448 ἔτι
1069 3381 1196 3467 μᾶλλον
1222 3383 1285 3452 τῶν
1301 3373 1550 3511 ἔμπροσθεν1
1524 3407 1567 3450 ων

388 3485 590 3614 δίηλθομεν.
619 3513 675 3553 και
694 3481 760 3598 γὰρ
789 3479 831 3564 ὡς
854 3480 981 3551 δυνατίι
1002 3479 1195 3570 λέγεται,’
1176 3477 1336 3592 απιστγῐί
1367 3480 1426 3566 ίίν,
1454 3491 1513 3606 666
1542 3487 1566 3554 εί

389 3587 442 3661 ίίτι
462 3588 611 3680 μάλιστα
632 3591 776 3676 γένοιτο,
806 3583 849 3666 ὡς
870 3583 975 3678 ἄριστ’
1001 3584 1042 3670 ίίν
1064 3589 1112 3670 εἴιγ
1135 3587 1256 3671 ταῦτα,
1285 3614 1341 3656 και
1355 3584 1467 3712 ταύτγγ
1490 3583 1566 3656 ἄπι-

388 3691 553 3780 στήσεται.
575 3691 628 3760 διὸ
651 3690 698 3774 διγ
713 3697 768 3758 καὶ
791 3688 887 3770 ὄκνος
909 3716 958 3770 τις
981 3687 1088 3757 αὐτῶν
1111 3682 1300 3773 ίίπτεσθαι,
1323 3688 1368 3778 μίγ
1391 3687 1468 3813 εὐγίγ
1487 3693 1566 3786 δοκίγ

388 3791 471 3870 εἶναι
494 3790 512 3867 6
535 3793 686 3918 λίγυ,,’
667 3823 691 3862 ω
714 3796 825 3889 ιγίλε
811 3798 929 3915 εταῖρε.
973 3795 1097 3878 Μηδὲν,
1121 3779 1233 3876 66't
1222 3789 1271 3874 ιίς,
1295 3791 1390 3861 ὄκνει·
1413 3790 1564 3920 οὔτεγὰρ

386 3898 593 4030 ἇγνῶμονες
594 3898 667 3966 οὔτε
689 3893 824 3981 ίίπιστοι
848 3893 922 3964 οίίτε
945 3891 1112 3964 δύσνοι’
1081 3923 1112 3963 οι
1134 3892 1362 3985 ἀκουσόμενοι.
1404 3895 1523 3966 Καὶ
1506 3895 1566 3988 εγὼ

387 3999 494 4076 εἶπον·
523 3991 548 4070 6
571 4000 700 4096 ἄριστε,
732 3988 839 4084 ἦπου
860 3995 1063 4128 606666669
1082 4024 1132 4119 με
1144 3996 1422 4123 παραθαρρύνειν
1429 4005 1565 4125 λέγειςγ
1629 4025 1630 4104 γ

376 4101 546 4228 Έγωγ’,’
535 4105 610 4200 ε’.ιγιγ
652 4105 730 4190 Πᾶν
756 4104 884 4186 τοίνυν,
912 4090 1050 4186 666²
1034 4099 1112 4190 εγὼ,
1140 4099 1330 4180 τούναντίον
1350 4109 1469 4184 ποιεῖς.
1500 4131 1565 4174 πι
1629 4115 1630 4162 ι

388 4234 613 4288 στενοντος
633 4204 803 4301 μὲνγὰρ
822 4208 925 4296 ἐμοῦ
948 4208 1037 4296 ἐμοὶ
1058 4201 1261 4286 εἰδέναιλ
1281 4210 1400 4297 λέγω,
1429 4209 1564 4288 καλῶς
