3296 5232
552 411 781 478 ..273-

76 589 161 655 quae
188 588 206 635 s
235 563 359 636 ratione
389 572 522 637 multam
548 569 643 638 distet
678 593 709 655 p.
735 573 809 638 606.
841 573 879 637 Α.
906 573 943 636 Β.
961 567 1024 656 06,
1057 569 1256 656 similemque

75 693 148 740 esse
174 681 303 757 poetam
329 674 443 758 pictori
469 681 501 740 ct
527 695 585 752 66,
619 674 704 762 quod
728 695 747 742 a
773 673 906 741 veritate
931 680 1056 741 remota
1077 681 1252 760 proponat,

75 785 192 855 6066,
227 781 313 864 quod
338 779 371 843 iu
400 778 551 846 deteriori
576 781 671 844 animi
700 777 788 866 parte
814 798 911 864 opera
939 781 1196 845 ciusversentur
1211 797 1214 808 ’
1221 785 1254 865 6.

74 884 153 947 605.
176 883 213 947 Α.
259 881 427 966 Corrumpi
454 882 631 970 66666661
662 875 808 971 optimos
824 882 990 976 066666οἱ6
1018 889 1053 948 60·
1077 880 1252 948 comoedia.

75 987 182 1063 Quam
202 1003 271 1051 rem
293 985 354 1052 lucc
378 986 576 1073 potissimum
597 985 669 1053 loco
692 985 908 1074 explicandam
929 981 1027 1053 fuisse
1049 993 1082 1053 60
1094 984 1256 1072 ”significat

74 1091 179 1165 Plato,
203 1089 243 1155 cl.
263 1108 298 1175 6.
316 1091 391 1166 596,
414 1095 450 1157 Α.
473 1093 509 1156 Β.
533 1113 565 1174 p.
587 1093 661 1169 602,
688 1094 722 1161 C.
745 1095 819 1168 602,
843 1095 881 1156 E.
897 1119 940 1142 ι·-
954 1094 1028 1168 603,
1052 1093 1089 1156 Β.
1114 1093 1188 1168 603,
1212 1093 1252 1156 Β.

76 1200 109 1258 60
130 1195 167 1256 Β
190 1195 264 1258 605.
287 1196 325 1258 Α.
350 1193 416 1270 611.,
442 1202 474 1260 60
494 1193 572 1261 vidit
592 1195 872 1279 Morgensternius.
894 1193 933 1263 cl.
955 1215 985 1282 p.
1006 1196 1081 1261 008.
1098 1197 1253 1261 nursiae.

79 1299 195 1364 cNunc
220 1295 347 1364 demum
368 1315 465 1382 quum
491 1300 587 1363 animi
608 1289 737 1367 humani
761 1307 866 1385 partes
899 1297 969 1384 (lib.
994 1300 1072 1372 W.)
1100 1297 1255 1384 cupidita·

74 1408 144 1466 tum
170 1419 290 1484 genera·
306 1401 375 1482 (lib.
399 1399 465 1486 lx.)
489 1409 521 1466 et
545 1403 668 1468 sincera
689 1402 836 1489 volupiae
856 1400 895 1469 ab
921 1388 1106 1468 adulterinis
1131 1405 1255 1487 generi-

73 1501 137 1569 bus
160 1500 266 1586 (lhid.)
290 1505 453 1570 distinctae
475 1513 595 1585 66666ος
619 1527 700 1591 quae
723 1509 825 1573 adhuc
846 1505 885 1572 de
905 1507 996 1593 66660
1017 1504 1149 1572 dicenda
1164 1510 1255 1570 crant

75 1607 154 1672 satis
187 1607 271 1672 clare
304 1606 435 1693 intelligi
465 1607 625 1692 66066660.
679 1612 770 1677 Adeo
796 1630 908 1678 rerum
934 1619 1001 1688 est,
1046 1608 1133 1696 quod
1158 1625 1255 1694 supra

74 1709 160 1786 dini,
198 1713 256 1774 suls
285 1707 478 1777 confusionis
508 1713 671 1778 cuiusdam
698 1717 810 1800 specie·
834 1717 867 1779 in
899 1712 990 1779 libris
1015 1717 1054 1779 06
1080 1711 1254 1795 Republica

76 1811 224 1880 ordinem
245 1813 524 1901 exquisitissimum
550 1815 685 1887 lutere.»
732 1818 828 1883 Cuius
850 1816 925 1882 dicti
948 1816 996 1882 sui
1018 1818 1047 1882 si
1071 1816 1121 1882 vir
1143 1806 1258 1882 doctus¹

74 1920 198 2002 ubique
226 1927 312 1983 recte
341 1939 464 1984 mernor
490 1917 617 1993 luisset,
650 1939 714 1986 non
739 1925 904 2008 tantopere
928 1924 1096 1987 erravisset
1116 1919 1149 1984 in
1172 1918 1259 1984 iudi«

76 2024 181 2086 cando
193 2021 445 2106 praeclarissimo
460 2041 568 2108 opere.
610 2024 656 2090 Ac
677 2024 864 2090 turbavisset
885 2043 960 2090 saue
977 2035 1014 2088 66
1028 2043 1093 2100 666,
1123 2024 1151 2088 60
1165 2024 1254 2107 66166

43 2150 47 2156 ·
76 2123 220 2211 exposita
245 2133 340 2203 66660,
368 2133 516 2209 coeptum
538 2129 577 2192 de
600 2127 725 2193 civitate
750 2148 940 2194 sermonem.
986 2128 1092 2206 Quare
1118 2128 1161 2192 ob
1180 2145 1255 2191 ean-

77 2232 152 2294 dem
177 2243 302 2294 6666666
323 2251 407 2296 6666
430 2229 557 2295 demum
586 2239 744 2305 tractatur,
774 2251 840 2318 quo
863 2231 936 2298 1666
961 2232 1081 2318 optime
1105 2227 1173 2294 fieri
1197 2249 1257 2313 po·
1331 2249 1336 2258 ’

76 2339 176 2408 06660,
206 2329 248 2398 ob
276 2353 370 2420 quam
399 2332 698 2418 de-magistratibus
721 2355 917 2415 sermonem,
955 2342 987 2398 60
1011 2353 1188 2420 quaecum
1215 2351 1254 2399 eo

76 2434 246 2502 coniuncta
275 2444 363 2528 sunt,
399 2435 433 2504 in
456 2437 669 2524 posteriorem
702 2437 809 2526 operis
842 2446 964 2525 partem
988 2435 1079 2502 660060
1103 2435 1258 2502 60006066.Δ

6 2601 7 2616 ,
75 2541 149 2606 Huc
171 2542 293 2606 accedit
312 2542 413 2606 etiarn
427 2539 526 2618 01160,
554 2545 640 2626 quod
663 2549 847 2626 argumenta
870 2561 951 2627 quae
976 2561 1017 2606 er
1032 2539 1177 2606 idearum
1193 2538 1258 2607 ‘do-

6 2635 7 2638 '
76 2642 179 2711 ctrina
202 2646 335 2730 repetita
363 2652 445 2721 6660,
476 2653 575 2729 quum
598 2651 764 2731 66606666]
790 2645 942 2731 operibus
965 2663 1030 2710 non
1053 2642 1157 2719 ideas,
1189 2663 1254 2709 uon

75 2769 144 2823 res,
175 2745 231 2814 sed
253 2748 418 2814 simulacra
440 2755 559 2813 tantum
581 2769 708 2826 rerum,
740 2749 875 2829 εἴδωλα,
891 2748 1008 2814 inesse
1026 2747 1102 2813 velit
1124 2753 1252 2824 auctor,

77 2859 112 2916 60
140 2859 292 2938 quantum
318 2853 367 2917 his
392 2849 615 2929 0606666066,
638 2874 703 2918 666
731 2856 808 2918 aute
834 2859 919 2919 recte
951 2849 1085 2936 intelligi
1112 2858 1253 2938 poterat,

77 2953 316 3040 quam'dictum
341 2962 424 3020 esset
449 2959 488 3020 06
514 2942 646 3022 diversis
675 2955 864 3041 cognitionis
890 2947 1057 3041 gradibus,
1090 2953 1130 3020 de
1154 2953 1252 3031 ideis,

76 3057 118 3126 de
138 3056 211 3124 idea
230 3055 319 3134 boui,
345 3079 439 3143 quam
461 3061 662 3144 magistratus
681 3059 714 3126 ln
736 3063 900 3125 condenda
922 3066 954 3124 60
973 3060 1114 3143 regenda
1136 3057 1256 3144 optima

76 3161 205 3228 civitate
226 3161 344 3228 intueri
365 3159 493 3238 debent,
516 3161 557 3228 06
576 3170 660 3228 statu
679 3161 842 3230 hominum
866 3163 1076 3237 0616666006,
1102 3151 1254 3246 06666066

75 3265 111 3331 06
133 3273 225 3334 66066
246 3264 434 3341 vinctorum,
457 3249 519 3331 666
543 3283 615 3342 666,
642 3268 698 3331 660
723 3265 892 3332 simulacra
913 3272 1034 3331 tantum
1054 3283 1181 3341 666666,
1211 3265 1255 3330 εἴ·

77 3371 186 3449 berto,
223 3371 456 3445 contuentium,
496 3372 537 3434 de
568 3368 683 3454 quibus
708 3373 805 3436 rebus
831 3368 913 3436 libro
938 3375 1028 3436 sexto
1053 3369 1255 3454 septimoque

77 3473 197 3538 dictum
219 3480 295 3538 660.
323 3477 420 3538 116606
441 3473 541 3556 igitur
565 3491 601 3537 66
626 3471 721 3538 habet
750 3473 901 3539 exomni
929 3480 1036 3559 parte,
1070 3474 1156 3556 quod
1181 3470 1256 3536 huic

75 3575 275 3668 potissimum
295 3577 367 3642 loco
387 3574 470 3643 lranc
491 3579 531 3641 06
557 3574 930 3663 poetis-disputationem
954 3575 1129 3666 reservavit
1151 3573 1254 3659 philo-

77 3684 208 3767 sophus.
254 3681 356 3746 lliuus
386 3688 475 3746 recte·
505 3681 544 3744 de
574 3681 624 3745 his
653 3677 772 3746 iudicat
798 3681 1108 3747 Schleiermaohenus
1135 3696 1168 3764 6.
1197 3682 1250 3744 55.

76 3782 196 3850 intr-od
209 3785 327 3848 :anie
345 3789 660 3868 zusammensetaung
678 3781 782 3848 dieses
799 3783 923 3850 Thciles
940 3783 982 3848 ist
1000 3780 1076 3847 aher
1090 3780 1250 3865 fulgendo.

76 3877 145 3952 Der
167 3891 254 3953 erote
279 3886 456 3953 0666166000
469 3889 544 3971 geht
564 3886 784 3952 6666606661
811 3885 869 3952 auf
890 3887 941 3953 die
966 3881 1080 3950 Petisia
1108 3885 1249 3963 66600616,

77 4012 135 4056 666
166 3989 559 4056 066660616060066010616
590 3993 671 4056 noch
703 4009 777 4056 vom
806 3991 923 4057 dritten
950 3992 1039 4055 Buch
1069 3991 1128 4067 1666,
1156 3995 1252 4056 etwas

78 4097 290 4160 abrumacneu
313 4113 392 4169 war,
415 4091 551 4158 6006610616
574 4094 635 4161 wie
658 4093 906 4180 Schildcrrmgen
926 4075 983 4162 ddr
1005 4095 1175 4160 Menschen
1195 4095 1253 4157 be-

78 4195 306 4264 solraliensein
329 4196 486 4273 miissten‚
522 4217 577 4263 nm
605 4197 663 4262 mit
682 4201 804 4266 Nutzen
827 4199 862 4266 in
887 4202 959 4266 dem
984 4199 1166 4272 Untcrriclrt
1192 4208 1251 4270 der

76 4297 397 4389 0666606606666160
419 4321 459 4366 zu
479 4299 620 4371 666066.
655 4301 776 4382 'Dicens
797 4307 927 4384 lsounte,
951 4304 1016 4375 wie·
1035 4313 1117 4376 auch
1131 4306 1250 4375 damals

1011 4416 1106 4481 ,18
