3298 5232
887 399 1118 464 *21⁰-

418 559 484 622 son
503 554 633 624 umam
650 551 996 644 psarapmusopuus
1017 576 1036 620 a
1058 557 1162 640 cupa,
1186 557 1271 642 quoa
1294 557 1398 622 nans
1418 555 1561 624 armeus
1613 535 1614 606 l

417 658 478 739 rit;
502 664 588 746 quod
609 679 675 728 uon
695 669 851 747 perpetuo
873 665 997 726 secutus
1018 657 1059 724 sit
1080 662 1166 744 quod
1187 679 1263 725 vero
1284 660 1476 747 propositum
1488 663 1561 728 luerit

418 762 545 848 dialogo
552 788 562 846 ς
593 767 680 850 quod
700 761 937 850 perturbaverit
956 761 1161 828 dicendorum
1182 762 1346 842 ordinem3
1376 764 1403 830 si
1424 765 1496 841 hoo,
1512 773 1562 829 tun

417 869 527 935 omnia
544 876 633 934 raote
654 889 689 934 se
708 871 835 942 haheat,
857 867 990 951 pulchra
1011 873 1195 932 ‹at-venusta
1209 875 1291 960 suut.
1323 867 1472 934 Dubitare
1489 867 1562 953 igitur

418 970 552 1059 amplius
572 973 747 1059 poterimus
765 979 837 1038 utra
858 971 901 1036 sit
919 973 1276 1038 harumsontoutiarum
1297 973 1429 1038 veriori
1613 967 1614 970 ’

525 1385 641 1470 deest
664 1389 755 1465 ltlri
774 1393 887 1493 finem
911 1395 1015 1464 reete
1040 1404 1088 1464 uo
1112 1410 1182 1464 auo
1208 1389 1289 1463 loeo
1313 1389 1476 1490 positum

831 1545 928 1612 esee,
957 1519 1179 1596 ostenditur.

459 1759 462 1766 .
502 1707 740 1773 mandendum
773 1707 833 1772 hoo
865 1705 938 1773 loeo
969 1725 1035 1773 non
1067 1705 1135 1772 siue
1166 1707 1289 1772 ratione
1318 1705 1479 1772 Platonem
1502 1707 1564 1769 huna
1613 1665 1614 1716 l

416 1807 534 1875 librum
563 1827 581 1875 a
608 1809 732 1895 reliquo
761 1828 906 1876 sermone
935 1809 1126 1887 secrevisse,
1163 1812 1434 1898 repetendumque
1455 1813 1526 1874 hune
1541 1808 1564 1870 iu

415 1911 511 1980 taem
533 1911 628 1980 huius
648 1913 720 1980 libri
742 1922 972 1998 argumentum.
1015 1917 1117 1998 Atque
1140 1916 1319 1980 ostenditur
1340 1915 1474 2000 primum
1493 1914 1521 1976 in
1537 1929 1563 1974 eo

413 2015 611 2104 philosophis
638 2017 801 2083 civitatum
832 2016 967 2101 imperia
996 2015 1147 2082 tradenda
1177 2037 1263 2094 esse,
1298 2015 1562 2099 dubitationesque,

415 2139 494 2205 quas
515 2123 588 2205 quis
607 2137 737 2186 movere
758 2123 859 2207 possit
880 2127 988 2186 eontra
1009 2139 1078 2186 cam
1099 2120 1295 2195 sententiam,
1319 2123 1490 2188 diluuntur.
1522 2119 1564 2180 Po

414 2231 532 2288 strumo
561 2221 740 2310 quaeritur,
772 2225 848 2311 quid
876 2223 946 2290 fieri
972 2223 1087 2289 debeat
1114 2245 1155 2289 ne
1182 2225 1318 2289 intereat
1338 2219 1564 2310 philosophiam
1613 2271 1614 2288 l

416 2322 608 2394 civitatibus.
652 2329 818 2393 Revooatis
844 2331 905 2392 hoo
932 2329 1004 2394 loeo
1032 2327 1064 2393 in
1092 2330 1279 2395 memoriam
1300 2328 1355 2404 iis,
1390 2349 1471 2414 quae
1497 2331 1565 2391 antea

414 2426 455 2496 de
480 2432 720 2516 magistratuum
741 2431 896 2497 electione
917 2439 950 2497 et
972 2430 1160 2498 educatione
1184 2432 1271 2498 ‘dicta
1299 2439 1407 2508 eraut,
1444 2425 1564 2497 etiamh

414 2533 599 2619 disciplinis,
621 2543 654 2601 et
673 2536 708 2600 in
729 2533 860 2602 summis
881 2534 1037 2614 maxime,
1062 2555 1202 2603 summos
1224 2537 1426 2621 magistratus
1449 2531 1566 2600 erudien-
1613 2539 1614 2589 t

414 2640 472 2705 dos
498 2655 568 2706 cese
596 2641 748 2717 docetur,
782 2659 915 2724 quarum
944 2660 1102 2706 summum
1132 2648 1226 2726 atque
1243 2647 1434 2706 extremum
1461 2639 1497 2704 sit
1514 2636 1566 2702 idea

412 2742 499 2817 honi,
521 2740 563 2808 ad
585 2763 679 2827 wem
700 2744 843 2830 perfecta
864 2742 975 2808 civitas
997 2744 1144 2830 componi
1162 2751 1195 2809 et
1209 2742 1349 2810 ordinari
1363 2742 1486 2812 debeat.
1516 2741 1566 2816 Qus

414 2843 569 2931 explicata
589 2847 664 2911 huic
684 2853 774 2912 sexto
795 2843 878 2912 lihro
899 2846 994 2912 finem
1014 2846 1162 2934 imponit.
1177 2835 1228 2898 ⁴·-
1249 2849 1343 2925 Quod
1359 2845 1386 2912 si
1401 2849 1496 2932 igitur
1510 2861 1566 2930 pan-

413 2950 459 3014 eis
479 2947 573 3016 huius
594 2949 670 3016 libri
690 2959 911 3036 argumentum
933 2954 1238 3034 comprehendatur,
1268 2971 1307 3015 eo
1337 2953 1450 3038 quaeri
1470 2942 1567 3014 videli-

412 3071 497 3130 mus,
518 3054 673 3137 primurn:
694 3072 770 3119 num
792 3054 989 3140 philosophis
1011 3056 1171 3121 civitatum
1192 3053 1326 3138 imperia
1341 3051 1492 3119 tradenda
1505 3049 1564 3115 sinti

412 3162 499 3234 um,
526 3159 554 3222 si
577 3159 654 3225 sint:
685 3155 847 3245 quomodo
868 3160 1093 3224 instituendum
1115 3160 1156 3223 sit
1176 3178 1217 3223 ns
1238 3157 1439 3244 philosophia
1461 3149 1569 3220 civitati·

413 3261 475 3325 hus
495 3257 649 3338 intereat,
680 3263 712 3326 h.
743 3281 772 3326 e.
803 3281 885 3346 quae
914 3260 1025 3326 electio
1055 3283 1136 3346 quae
1165 3260 1309 3327 educatio
1331 3261 1568 3348 philosophorum

416 3383 487 3430 osse
508 3363 635 3430 debeat.
679 3367 844 3431 Posterior
864 3372 969 3430 tamen
990 3366 1083 3432 huius
1098 3361 1318 3452 disputationis
1332 3387 1408 3450 pars
1423 3385 1486 3430 non
1498 3361 1568 3449 plane

415 3467 606 3544 absolvitur,
636 3470 692 3533 sed
714 3471 897 3545 commode,
927 3467 1083 3552 explicata
1103 3486 1140 3534 re
1162 3469 1364 3555 gravissimu,
1399 3468 1472 3534 idea
1494 3459 1567 3534 hou,

415 3569 522 3638 finitur
547 3572 600 3638 laio
627 3571 721 3638 liber.
767 3574 907 3658 Septimo
937 3571 1064 3637 demum
1085 3574 1168 3637 libro
1189 3573 1260 3656 ipsa
1282 3569 1469 3640 describitur
1487 3569 1569 3635 viaet

417 3677 517 3758 ratio,
541 3674 666 3764 quaeaol
687 3674 792 3742 ideam
815 3676 891 3742 boni
911 3675 1127 3764 perveniatur.

827 3944 1170 3964 o--u--u—
