3312 5238
874 381 1084 448 ..ps-

389 561 501 611 omues
522 543 654 610 morbos
673 541 885 630 pertulissent,
908 562 968 612 uee
989 541 1243 611 esseut'omuiuo
1258 541 1326 611 seui
1339 547 1461 610 uetere.
1493 545 1567 612 Nou

389 646 474 713 euim
495 665 631 731 corpore
653 667 770 732 eorpus
791 655 916 724 muare,
940 650 997 714 sed
1019 649 1125 714 auium
1146 667 1271 734 eorpus,
1294 667 1399 732 quem,
1421 645 1449 712 si
1464 646 1566 712 melus

389 758 444 815 aut
468 749 568 818 fuctus
596 748 637 816 sit
663 757 717 816 sut
745 753 801 824 sit,
830 747 914 816 bene
943 749 1019 838 quid
1042 771 1155 816 curere
1175 771 1240 818 nou
1261 771 1366 838 pesse.
1408 750 1511 817 Aliter
1532 771 1567 816 so

387 873 458 922 rem
477 851 597 922 habere
618 852 830 931 ruminetur,
860 853 916 940 qni
938 853 1050 920 ,uiuo
1073 853 1185 920 animis
1206 854 1343 940 imperet
1350 877 1359 934 ;
1386 853 1566 921 ueoiieero

387 965 424 1027 ut
450 956 563 1024 iudicis
592 956 715 1024 mimus
742 957 827 1024 iuter
854 956 955 1024 malos
976 960 1151 1036 nutriatur,
1181 957 1300 1046 etipse
1321 957 1428 1024 omnin
1449 957 1568 1024 iniuste

387 1060 630 1148 perpetraverit,
652 1068 688 1126 ut
708 1061 823 1128 aeriter
844 1081 886 1127 ex
906 1081 940 1127 se
961 1061 1032 1148 ipso
1047 1061 1182 1128 sitorum
1195 1061 1328 1128 iniurias
1342 1059 1456 1128 sentiat
1470 1067 1567 1146 etque

389 1163 570 1231 odoreturx.
588 1183 661 1231 eum
682 1164 788 1249 potius
808 1163 966 1250 integrum
989 1163 1107 1232 debere
1127 1185 1197 1232 esse
1218 1185 1236 1230 e
1258 1180 1359 1251 puero
1381 1172 1413 1230 et
1433 1164 1567 1248 imperi·
1646 1175 1647 1184 ’

390 1275 457 1334 tum
479 1267 635 1334 melorum
656 1287 791 1344 morum,
814 1267 841 1335 si
863 1267 990 1353 quidem
1012 1266 1114 1335 bouus
1136 1277 1168 1335 et
1188 1273 1338 1336 honestus
1353 1287 1424 1334 esse
1439 1277 1472 1334 et
1485 1267 1568 1334 iudi-

389 1390 461 1438 care
483 1371 607 1440 sineere
627 1369 704 1438 vetit
724 1371 816 1438 iustu.
860 1375 938 1438 Eam
960 1370 1003 1438 oh
1023 1375 1277 1440 onmsmt'souern
1290 1371 1417 1440 nouum
1431 1369 1568 1438 iudicem

389 1495 459 1541 esse
488 1472 624 1549 debere,
652 1469 821 1566 ὀψιμαθῆ
846 1469 1007 1562 γεγονότα
1029 1471 1252 1557 evindicatione,
1279 1469 1350 1543 οἷόν
1372 1477 1478 1556 ἐστιν,
1508 1471 1569 1542 οὐκ

389 1573 513 1644 οἰκείαν
533 1579 567 1644 ἐν
588 1577 627 1670 τῇ
648 1571 753 1646 αὑτοῦ
773 1579 866 1672 ψυχῇ
888 1579 1026 1646 ἐνοῦσαν
1046 1575 1256 1673 ᾐσθημένον,
1286 1575 1355 1646 ἀλλ’
1387 1575 1569 1666 ἀλλοτρίαν

388 1681 423 1748 ἐν
450 1675 643 1769 ἀλλοτρίαις
668 1676 908 1768 μεμελετηκότα
936 1683 970 1749 ἐν
996 1683 1108 1774 πολλῷ
1131 1677 1239 1776 χρόνῳ
1269 1677 1567 1764 διαισθάνεσθαι,

389 1774 463 1852 οἷον·
480 1787 605 1875 πέφυκε
625 1781 744 1865 κακὸν,
773 1779 949 1879 ἐπιστήμῃ,
980 1780 1039 1852 οὐκ
1062 1787 1211 1878 ἐμπειρίᾳ
1234 1782 1338 1877 οἰκείᾳ
1360 1789 1567 1875 κεχρημένον.

390 1889 422 1958 Γ
417 1883 629 1966 ινναιότατος
642 1889 733 1972 γοῦν,
753 1887 830 1978 ἔφη,
851 1887 954 1956 ἔοικεν
975 1878 1059 1956 εἶναι
1082 1883 1100 1956 ὁ
1123 1890 1275 1970 τοιοῦτος
1294 1884 1463 1971 δικαστής.
1496 1891 1569 1956 Καὶ

388 1985 527 2076 ἀγαθός
548 2015 593 2074 γε,
615 1978 656 2072 ἦν
677 1986 708 2057 δ’
734 1987 804 2076 ἐγὼ,
829 1985 848 2057 δ’
871 1988 911 2058 σὺ
935 1985 1083 2082 ἠρώτας·
1114 1987 1132 2058 ὁ
1158 1989 1222 2083 γὰρ
1249 1992 1328 2082 ἔχων
1349 1989 1462 2080 ψυχὴν
1484 1988 1569 2079 ἄγα-

389 2089 462 2175 θὴν
490 2087 638 2178 ἀγαθός.
674 2092 721 2160 Cf.
743 2115 774 2177 p.
797 2097 872 2171 soe,
896 2097 933 2160 Β.
978 2093 1074 2164 Vides
1097 2097 1271 2174 Socratem,
1294 2097 1387 2184 pisus
1401 2101 1571 2164 immemo-

388 2217 457 2263 rem
487 2194 708 2282 disputationis
739 2217 834 2282 ηινιιο
863 2202 903 2264 de
932 2196 1058 2264 iustitis·
1078 2199 1196 2266 huone
1218 2199 1299 2266 veile
1320 2198 1505 2277 ridebatur,
1528 2237 1571 2250 -

389 2319 462 2368 uum
484 2298 512 2366 si
533 2299 682 2366 iustitium
704 2299 737 2368 iu
759 2299 883 2368 civitate
902 2310 1086 2389 quaereret,
1112 2302 1169 2390 qui
1196 2310 1321 2390 poterat
1348 2303 1453 2391 uptior
1475 2303 1570 2370 huius

389 2402 610 2488 disputationis
630 2403 719 2470 loeus
741 2403 889 2482 inveniri,
913 2405 1056 2490 quomis
1076 2405 1110 2472 in
1132 2427 1196 2492 quo
1217 2427 1288 2476 oum
1310 2407 1448 2474 maxime
1462 2427 1572 2474 verse·
1646 2441 1647 2460 ι

388 2512 462 2573 tur?
484 2542 528 2558 -
548 2503 688 2576 noudum
715 2507 842 2575 iuremn
870 2508 988 2576 iustitia
1015 2507 1175 2576 iudiciuin¹
1196 2509 1286 2576 ferro·
1309 2509 1349 2576 de
1370 2531 1426 2586 eo,
1451 2517 1570 2578 utrum
1646 2521 1647 2588 t

390 2617 529 2697 praestet
548 2609 666 2677 iustum
689 2631 758 2678 esse
788 2632 847 2680 ueo
876 2634 932 2689 ue,
964 2611 1050 2699 quod
1076 2621 1170 2680 auten
1198 2613 1338 2680 noudum
1366 2613 1445 2680 ferri
1474 2635 1570 2702 posse

390 2713 619 2792 declaraverat,
648 2737 681 2798 p.
711 2718 792 2792 392,
822 2719 857 2782 B.
880 2737 967 2803 sqq.;
1001 2715 1089 2782 vides
1117 2719 1250 2784 innuere
1277 2716 1418 2784 animum
1447 2715 1569 2785 bouum
1646 2753 1647 2764 ι

390 2837 460 2884 esse
482 2814 617 2884 eundem
638 2817 765 2893 iustum,
791 2817 874 2885 unde
895 2827 982 2886 reete
1003 2819 1163 2905 eolligttur
1183 2839 1247 2887 uon
1269 2823 1302 2886 iu
1324 2821 1449 2888 eivitute
1471 2843 1571 2909 quee-

388 2917 520 2988 reudnm
548 2939 618 2986 esse
645 2921 810 3000 iustitium,
838 2921 954 2992 sedin
981 2924 1099 2994 auimo,
1141 2923 1211 2991 Diei
1232 2932 1338 2990 nutem
1359 2929 1438 2992 hese
1459 2926 1568 2992 omnia
1646 3011 1647 3020 ρ

390 3023 522 3091 civitatis
544 3024 660 3109 gratis,
683 3030 770 3112 qood
791 3046 906 3113 perse
926 3034 1023 3115 putet,
1048 3026 1141 3094 etiem
1162 3027 1364 3094 conclusione
1384 3027 1481 3094 huius
1503 3029 1567 3096 dis·
1646 3061 1647 3076 ι

388 3127 559 3222 putationis
580 3127 823 3225 comprobatur:
846 3126 972 3198 Οὐκοῦν
989 3134 1045 3198 καὶ
1061 3126 1212 3217 ἰατρικὴν
1234 3126 1310 3199 οἵαν
1331 3133 1462 3219 εἴπομεν
1483 3129 1569 3219 μετὰ

390 3233 448 3313 τῆς
470 3227 625 3313 τοιαύτης
644 3234 835 3315 δικαστικῆς
858 3230 945 3300 κατὰ
966 3228 1063 3301 πόλιν
1081 3229 1338 3320 νομοθετήσεις,
1363 3231 1403 3300 αἳ
1423 3235 1488 3301 τῶν
1509 3257 1570 3302 πο·

390 3335 488 3403 λιτῶν
514 3358 569 3402 σοι
593 3329 671 3413 τούς
691 3342 752 3423 μὲν
777 3333 907 3428 εὐφυεῖς
932 3331 1135 3424 τὰσώματα
1160 3343 1216 3404 καὶ
1239 3334 1299 3416 τὰς
1322 3335 1436 3432 ψυχὰς
1458 3341 1570 3428 θερα-
1646 3359 1647 3426 ,

388 3432 557 3519 παύσουσι,
582 3435 659 3517 τοὺς
679 3436 785 3526 δὲμὴ,
814 3432 888 3507 ὅσοι
909 3447 969 3528 μὲν
990 3437 1077 3508 κατὰ
1099 3443 1200 3530 σῶμα
1226 3442 1381 3522 τοιοῦτοι,
1409 3437 1570 3523 duodoni-
1646 3431 1647 3514 i

390 3564 478 3609 σκειν
492 3536 638 3622 idoneus,
660 3539 901 3638 coordinatis
925 3540 985 3626 τὴν
1001 3541 1112 3632 ψυχὴν
1133 3550 1311 3638 κακοφυεῖς
1330 3549 1386 3611 καὶ
1411 3540 1571 3623 ἀνιάτοις

391 3641 485 3712 αὐτοὶ
509 3640 744 3728 ἆσσκτενοῦσις
771 3644 818 3712 Τὸ
833 3647 913 3732 γοῦν
928 3643 1083 3737 ἄριστον,
1109 3647 1190 3739 ἔφη,
1218 3644 1387 3726 αὐτοῖς’τε
1407 3653 1479 3727 τοῖς
1500 3644 1567 3715 πά-

390 3771 507 3837 σχουσι
533 3753 590 3816 καὶ
614 3749 655 3829 τῆ
679 3743 773 3816 πόλει
796 3741 880 3816 οὕτω
902 3753 1082 3843 πέφανται.
1108 3751 1155 3818 cf.
1179 3773 1211 3838 p.
1236 3755 1310 3818 409.
1334 3754 1372 3817 Ε.

473 3849 521 3918 Ab
543 3851 602 3916 hee
623 3852 829 3938 digressione,
852 3874 913 3941 qua
934 3863 1105 3941 propterea
1125 3875 1203 3921 usos
1225 3875 1295 3922 esse
1315 3855 1451 3929 videtur,
1473 3863 1509 3922 ut
1524 3854 1565 3922 de

388 3975 425 4022 re
445 3953 610 4024 iudieiaria
631 3966 662 4026 et
683 3955 804 4024 medion
825 3967 908 4052 arte,
942 3957 1038 4024 rebus
1066 3959 1099 4024 iu
1128 3957 1212 4026 bona
1232 3958 1357 4030 civitate
1384 3962 1468 4026 hund
1490 3981 1568 4026 saue

390 4058 603 4144 negligendis,
629 4065 816 4127 senteutiam
838 4082 927 4127 suam
950 4069 1171 4146 expromeret,
1194 4062 1355 4148 adipsum
1378 4061 1418 4129 de
1439 4081 1569 4149 gymne-

391 4162 469 4230 stien
490 4170 557 4228 arte
577 4162 822 4251 disputationem
836 4165 1018 4243 revertitur,
1040 4185 1183 4242 monens,
1208 4164 1422 4232 adolescentes
1433 4167 1567 4254 simplici

391 4266 444 4334 iiia
465 4266 586 4334 musice
607 4273 745 4354 utentes,
768 4270 1122 4357 quumtesuporsutiam
1143 4269 1272 4357 gignere
1293 4268 1454 4348 doouerit,
1467 4289 1567 4337 ⁴esuru-
