3296 5232
394 541 501 622 ventu
545 537 590 610 Gi.
614 545 645 605 et
664 557 733 627 sqq.
757 559 788 623 p.
810 541 886 616 dil,
909 541 948 615 Α,
970 543 1009 616 Β,
1031 545 1070 606 D.
1094 546 1127 605 et
1148 561 1181 624 p.
1200 541 1275 612 556.
1299 539 1339 604 Δ.
1384 541 1457 604 lion
1476 557 1574 624 prae·

394 643 499 710 valere
520 644 618 729 igitur
630 646 663 707 iu
677 643 727 708 bis
741 645 895 710 rationem
909 642 1175 731 psyclacloqicum,
1198 665 1293 728 quam
1311 642 1432 718 dicunt,
1457 651 1573 726 sponte

393 746 585 838 intelligitur.
629 746 727 812 Aliter
749 749 788 812 de
809 745 858 810 bis
879 748 997 812 iudicat
1017 749 1086 811 Van
1106 749 1236 814 Heusde
1258 749 1301 812 in.
1323 744 1377 832 pb.
1398 746 1479 811 Plat.
1508 745 1571 812 vol.

393 852 458 927 ΙΙΙ,
489 871 521 936 p.
548 854 619 917 150.
659 853 745 915 «Sed
773 849 978 933 eligarcbiam
999 851 1045 915 sic
1065 852 1160 915 nobis
1181 849 1269 916 Plato
1290 848 1476 936 descripsit,
1511 869 1572 934 quo

392 953 527 1019 interius
549 952 745 1038 oligarohioi,
769 974 863 1039 quem
884 960 993 1030 vocat,
1017 955 1078 1020 viri
1099 953 1175 1018 vitia
1198 952 1414 1036 exploraret»
1439 973 1472 1038 p.
1502 954 1570 1017 151.

395 1061 460 1122 ulit
481 1055 543 1122 dici
564 1057 618 1122 vix
639 1065 761 1141 potest,
792 1063 908 1142 quamn
936 1056 991 1122 ille
1013 1056 1176 1141 diligentia
1196 1065 1391 1141 naturaeque
1411 1060 1572 1120 humanae

392 1160 614 1248 perspicientia
641 1161 778 1227 bominis
805 1164 845 1225 ad
875 1159 951 1226 vitia
971 1164 1033 1226 iter
1054 1160 1270 1244 exploraverit
1289 1180 1325 1224 ac
1346 1158 1572 1229 declaraverit

394 1266 553 1332 &mnam
575 1263 682 1340 babet,
706 1271 743 1330 ut
764 1263 1015 1331 animadvertere
1037 1266 1098 1330 iam
1122 1263 1294 1352 ecepimus,
1315 1265 1413 1330 trium
1431 1261 1572 1338 illorum,

392 1389 474 1455 quae
500 1367 619 1434 bomini
647 1371 767 1449 insunt,
800 1368 984 1453 λογιςικοῦ,
1013 1368 1219 1452 θυμοειδοῦς
1246 1373 1278 1432 et
1305 1367 1573 1452 ἐπιθυμητικοῦ,

390 1469 557 1546 rationem,
579 1473 715 1556 quaein
737 1469 954 1538 aristocratiae
976 1473 1043 1536 sive
1064 1468 1151 1536 bono
1172 1471 1318 1556 iustoque
1339 1467 1477 1537 bomine
1502 1490 1573 1535 con·

393 1577 551 1651 sentiuut,
582 1577 615 1640 iu
642 1573 838 1640 timocratico
866 1581 970 1639 autem
992 1581 1024 1638 et
1044 1573 1236 1658 oliqarcbico
1261 1570 1452 1648 turbantur,
1486 1572 1572 1638 utin

393 1679 499 1744 animo
520 1677 662 1765 ipsorum
683 1677 780 1744 veluti
802 1678 975 1746 seditiones
1004 1679 1158 1742 oriantur.
1204 1680 1285 1742 Tum
1307 1695 1386 1742 vero
1407 1677 1477 1741 iter
1499 1676 1573 1742 illud

390 1780 527 1848 bominis
542 1784 582 1846 ad
597 1783 672 1848 vitia
687 1801 876 1867 omnemque
893 1783 1080 1865 pravitatem
1095 1783 1293 1846 attendamus
1308 1778 1497 1864 diligenter.
1529 1780 1572 1844 Fit

393 1885 447 1951 ille
460 1883 604 1973 'primunr
625 1893 660 1948 ut
681 1883 892 1953 timueraticus
913 1887 985 1961 iste,
1008 1885 1259 1969 inponuntque
1273 1884 1466 1959 umidiores,
1485 1877 1571 1976 ὑψη-

393 1983 527 2079 λόφρων
549 1993 604 2054 καὶ
627 1983 804 2079 φιλότιμος
819 1983 912 2078 ἀνήρ.
933 1987 1097 2055 Dominari
1116 1989 1152 2054 in
1173 2006 1212 2053 eo
1234 1983 1273 2052 cd
1294 1989 1483 2072 θυμοειδὲς
1498 1989 1572 2052 iuci-

391 2090 450 2176 pit,
474 2098 509 2156 ut
529 2091 645 2167 miuus,
670 2111 763 2175 quam
784 2111 844 2175 par
868 2099 930 2167 est,
953 2093 1035 2156 ratio
1056 2088 1403 2156 auctoritatis-babeat:
1430 2092 1572 2156 excitau.
1636 2094 1637 2122 ³

390 2203 443 2259 tar
463 2197 649 2280 cupiditates
670 2197 784 2270 etiam,
811 2197 928 2278 quibus
949 2195 1082 2279 gloriam
1103 2193 1196 2260 unice
1217 2201 1250 2258 et
1270 2195 1499 2260 metoritatem
1521 2215 1572 2277 sp-

392 2295 482 2386 petit.
528 2299 607 2362 Sunt
635 2300 1067 2381 baec'praeclarissimorum
1100 2300 1195 2362 etiam
1224 2299 1368 2364 virorum
1404 2297 1510 2374 vitia,
1543 2300 1571 2361 in

391 2398 507 2486 quibus
525 2399 672 2467 feruutur
691 2399 802 2481 lacile‚·
823 2421 933 2468 vsmm
954 2405 1031 2466 uitia
1052 2410 1125 2466 mut
1145 2411 1266 2476 tamen,
1296 2399 1477 2485 iisdemque
1509 2403 1571 2465 aui-

390 2525 459 2571 mus
481 2503 630 2588 proclivis
653 2503 693 2569 ad
715 2525 848 2570 omnem·
863 2507 1052 2588 pravitatem
1071 2505 1117 2576 iit.
1159 2509 1257 2580 Nam,
1287 2507 1413 2589 quode
1436 2504 1570 2571 civitatis

390 2609 602 2674 timccraticau
630 2608 666 2672 in
693 2606 896 2691 oligarcbiam
926 2609 1131 2675 conversione
1158 2616 1262 2695 patet,
1298 2607 1493 2692 cupiditates
1516 2608 1571 2674 bac
1637 2621 1638 2636 ¹

389 2711 442 2778 via
463 2733 482 2777 a
504 2710 623 2797 gloriae
654 2714 759 2777 studio
781 2712 820 2778 ad
841 2713 911 2778 auri
936 2733 1057 2778 sacram
1082 2711 1198 2781 famem
1223 2717 1473 2777 convertuntur:
1510 2732 1570 2796 qm

390 2814 515 2890 accidit,
537 2826 573 2880 ut
593 2818 772 2900 θυμοειδὲς
792 2816 880 2892 illuri,
902 2819 988 2901 quod
1010 2817 1147 2882 excitare
1165 2815 1325 2881 bominem
1346 2817 1386 2880 ad
1411 2835 1570 2900 generosa

389 2917 531 2984 facinora
561 2918 700 2995 solebat,
738 2919 813 2984 solis
840 2922 992 2986 inserviat
1019 2919 1240 3002 cupiditatibus
1268 2920 1452 3002 explendis,
1492 2939 1570 3004 quae

390 3024 504 3108 opibus
531 3018 667 3095 inhiant,
702 3030 734 3087 et
761 3023 841 3089 nibil
870 3027 989 3089 babent
1016 3043 1092 3098 curu
1109 3021 1321 3108 generositate
1348 3029 1446 3107 atque
1473 3023 1569 3088 ardui

391 3127 607 3210 magnitudine
631 3143 812 3190 commune·
856 3130 896 3191 Et
923 3147 1000 3194 vero
1030 3126 1164 3192 efficitur
1185 3123 1298 3202 simul,
1328 3128 1460 3194 ut‘biuc
1485 3127 1570 3192 dein·

390 3222 465 3314 ceps
487 3233 519 3294 iu
542 3227 671 3294 bomine
690 3229 812 3294 nullum
833 3251 897 3295 nou
919 3230 1125 3317 cupiditatum
1146 3249 1248 3314 genus
1269 3231 1439 3305 cxdtetur,
1478 3229 1568 3315 isque

388 3335 525 3406 taudem,
548 3334 635 3398 omui
657 3341 763 3418 spreta
785 3333 916 3398 rationis
936 3337 1139 3410 auctoritate,
1163 3331 1424 3419 »necquidquam
1447 3333 1569 3398 babens

389 3438 422 3504 lv
444 3437 489 3527 τῷ
511 3439 691 3522 θυμοειδεῖ
707 3437 875 3522 praesidii,
906 3445 990 3502 totus
1012 3458 1030 3501 a
1052 3435 1292 3524 cupiditatibus,
1319 3447 1351 3501 et
1379 3439 1570 3522 pervicacis-

389 3539 476 3606 simis
499 3541 627 3624 quidem
648 3539 710 3605 illis
729 3560 765 3605 ac
782 3559 912 3624 prorsus
935 3538 1104 3616 ellrenatis,
1127 3545 1264 3624 pendeat
1279 3561 1316 3606 ac
1329 3548 1494 3624 regatur.»
1538 3540 1568 3605 si

389 3633 467 3708 haec
485 3645 531 3708 ita
553 3651 667 3707 esseut·
682 3650 717 3707 ut
738 3643 804 3708 vult
829 3647 1006 3717 Heusdius,
1035 3653 1121 3710 recte
1149 3644 1451 3728 reprehenderetur,
1484 3647 1568 3730 quod

389 3746 484 3832 paulo
498 3746 732 3823 creauimus,
751 3751 836 3832 quod
848 3747 990 3813 civitates
1001 3749 1128 3814 diversa
1142 3748 1290 3814 vitinmm
1306 3767 1425 3833 genera
1438 3769 1569 3835 reprae-

390 3857 514 3914 sentare
531 3847 685 3916 voluerit:
727 3853 804 3914 Nam
820 3860 985 3932 consuat,
1007 3860 1042 3915 ut
1062 3871 1131 3917 rem
1152 3851 1300 3935 exemplo
1318 3853 1488 3928 illustrem,
1513 3852 1569 3918 oli·

390 3951 528 4036 garcbici
549 3955 755 4018 alteratione
777 3956 882 4018 vitiosi
904 3957 964 4020 alia
987 3955 1220 4033 democratici‚··
1238 3956 1299 4028 sed
1324 3959 1437 4020 eadem
1462 3966 1513 4021 est
1537 3957 1568 4020 in

388 4051 536 4121 omnibus
558 4055 743 4122 civitatibus
757 4059 853 4122 animi
873 4060 1002 4123 humaui
1021 4057 1157 4133 indoles,
1183 4077 1246 4142 qua
1263 4059 1395 4124 vitiosm
1408 4061 1568 4124 redditur.

388 4157 559 4226 Debuisset
572 4157 666 4241 igitur
681 4162 712 4223 in
728 4159 776 4224 bis
791 4159 879 4244 sequi
897 4169 1033 4244 quatuor
1051 4163 1202 4245 vitiorum
1222 4179 1349 4246 genera,
1371 4181 1451 4246 quae
1469 4163 1570 4227 virtu·

389 4261 474 4331 tibus
490 4268 625 4347 quatum
639 4263 850 4337 cardinalibus
865 4264 1010 4353 opposita
1028 4275 1109 4344 sunt,
1133 4284 1210 4348 quas
1228 4272 1374 4362 noverat,
1394 4271 1426 4332 et
1442 4266 1569 4330 ratione
