3296 5232
577 331 811 400 ..ΞΜ-

102 492 236 571 deliuit,
270 510 333 580 poc
357 501 407 562 est
425 494 565 580 lnnpicr.
610 493 711 561 Aliter.
730 515 808 562 uero
823 514 870 580 sp
889 493 1072 571 nechabet,
1098 493 1181 562 siin
1202 496 1283 561 nivi-

101 607 171 664 tate
196 604 339 664 versetur
366 601 418 664 hic
438 619 561 678 sermc;
594 597 626 664 si
648 597 720 664 fieri
744 619 836 686 posse
859 595 993 686 ,putebat
1015 604 1098 666 hene
1122 601 1282 670 civitatem

102 702 213 778 Plato,
240 710 279 768 ut
294 701 459 770 docuimus
467 727 478 781 ;¹
491 707 527 769 -si
545 705 760 768 demonstrare
780 703 917 777 volebat,
943 711 1094 790 quantum
1107 705 1150 766 ab
1161 705 1282 788 optimu

102 811 167 872 hoc
188 806 352 890 republica
373 806 515 892 reliquae
534 827 643 872 omncs
662 806 821 872 distarent.
865 811 946 872 Nem
963 826 1030 872 non
1049 826 1119 872 esse
1136 807 1170 870 id
1187 825 1282 890 prae-

102 912 234 994 cipuum
256 912 349 976 huius
373 908 608 996 disputationis,
635 898 722 996 qnod
741 909 809 976 nult
828 909 1149 984 Schleicrmscberus,
1174 910 1283 992 singn-

101 1014 209 1104 lorum
223 1002 399 1079 animorum
418 1017 458 1078 ed
478 1013 568 1100 peius
584 1013 863 1096 degenerationem
881 1016 1060 1088 ostendere,
1089 1032 1282 1097 quamquem

102 1120 337 1193 necessarium,
360 1120 393 1182 id
419 1137 458 1182 ex
480 1116 529 1183 his
552 1137 638 1202 quae
660 1120 798 1186 dixi-mus
819 1124 932 1201 sponte
951 1123 1048 1202 petet.
1077 1119 1157 1181 ‘Nec
1178 1117 1206 1180 si
1226 1136 1283 1182 ree

11 1251 12 1256 ¹
102 1221 150 1286 ite
179 1228 262 1286 esset
289 1222 373 1302 insta
397 1219 644 1306 reprehensione
673 1228 811 1296 careret,
848 1224 937 1306 qnod
967 1219 1108 1286 diversas
1137 1218 1283 1285 civitates

11 1337 12 1344 ’
103 1331 138 1390 et
162 1321 305 1390 homines
327 1323 366 1390 iis
392 1326 570 1390 civitatibus
598 1323 717 1392 similes
738 1323 937 1410 exemplario
963 1320 1101 1388 doluerit
1130 1339 1199 1386 csso
1222 1323 1283 1385 hoe

11 1459 13 1498 ι
102 1427 200 1492 minis
224 1427 258 1493 in
283 1428 373 1512 peius
399 1426 619 1511 degenerantis
648 1436 680 1493 et
702 1427 842 1508 indicare
866 1425 906 1491 iis
927 1419 1018 1512 densi
1043 1427 1158 1509 gratim
1185 1424 1281 1488 vitiod

101 1552 187 1596 rum.
230 1534 308 1596 Nam
331 1530 442 1614 quaeri
460 1551 534 1617 pane
557 1539 679 1616 posset,
705 1553 780 1596 num
806 1533 833 1596 si
855 1535 1125 1613 mores'spectes,
1151 1528 1283 1611 peiores

103 1633 168 1700 sint
188 1633 399 1702 democratiae
420 1637 505 1701 cives
529 1655 632 1722 qnam·
645 1634 858 1720 oligarchiaet
891 1631 990 1716 *Quod
1007 1631 1054 1696 illi
1074 1639 1160 1696 certe
1179 1637 1281 1714 negu-

103 1740 185 1802 bunt
216 1745 247 1802 et
273 1736 358 1803 band
389 1741 455 1804 scio
484 1760 524 1804 an
551 1747 648 1804 recte.
693 1739 793 1804 Porro
820 1760 861 1804 ne
878 1741 1124 1823 'repraesentant
1145 1732 1278 1820 'quidem
1377 1753 1383 1767 ·

11 1877 14 1918 ς
104 1843 248 1906 diversae
275 1843 419 1906 divitates
436 1841 560 1907 diversa
579 1845 733 1908 *vitiorum
754 1858 884 1926 penore,
910 1859 1003 1925 quae,
1028 1846 1063 1902 ut
1083 1836 1279 1922 experientia

11 2009 12 2020 ,
104 1947 214 2019 docet,
248 1945 422 2031 aequaliter
450 1945 483 2010 in
507 1944 655 2013 omnibns
682 1946 893 2030 reperiuntur.
1269 2025 1271 2030 s

189 2048 294 2125 Quum
318 2047 513 2114 *ostendisset
549 2051 693 2116 Socrates
727 2049 887 2138 quomodo
922 2070 966 2125 en
993 2045 1119 2130 optimu
1152 2045 1280 2110 civitate

102 2151 280 2216 timocratia
302 2157 458 2228 oriretur,
490 2155 552 2218 iam
576 2153 725 2220 describit
745 2154 963 2222 timccreticae
977 2149 1112 2216 civitatis
1131 2155 1285 2214 naturane

103 2264 197 2340 atque
211 2254 361 2338 indolem.
405 2258 559 2322 Versetur
579 2257 613 2322 iu
636 2279 673 2330 ec
694 2281 729 2326 re
752 2279 771 2323 a
791 2281 825 2341 p.
849 2259 926 2331 dil,
949 2257 988 2320 Ι).
1003 2289 1045 2304 --
1066 2254 1141 2330 5l8,
1165 2257 1203 2318 D.
1227 2254 1274 2318 St.

103 2357 151 2423 lbi
181 2379 260 2424 vero
292 2363 371 2424 haec
402 2359 564 2446 leguntur:
620 2357 762 2441 Οὐκοῦν,
800 2349 841 2442 ἦν
870 2356 900 2426 d
933 2357 1011 2445 ἐγὼ,
1050 2347 1134 2436 αὕτη
1162 2361 1222 2442 μὲν
1253 2347 1276 2435 ἡ

102 2462 251 2527 πολιτεία
275 2453 361 2528 οὕτω
381 2470 533 2548 γεγονυῖα
555 2469 611 2530 καὶ
632 2459 770 2544 τοιαύτη
792 2461 833 2530 ἄν
854 2487 905 2541 τις
926 2465 988 2543 εἴη,
1019 2455 1061 2538 ὡς
1089 2454 1176 2549 λόγῳ
1199 2459 1280 2546 σχῆ-

11 2591 14 2650 g
102 2591 151 2650 μα
173 2565 340 2644 πολιτείας
361 2560 608 2659 ὑπογράψαντα
630 2563 674 2653 μὴ
696 2562 841 2656 ἀκριβῶς
861 2560 1133 2655 ἀπεργάσασθαι.
1154 2557 1216 2628 dede
1237 2558 1271 2628 τι

12 2697 13 2704 “
103 2667 247 2757 ἐξαρκεῖν
273 2675 333 2753 μὲν
363 2669 441 2736 ἲδεῖν
469 2675 525 2736 καὶ
555 2671 601 2736 ἐκ*
617 2673 676 2750 τῆς
701 2665 900 2762 ὑπογραφῆς
928 2663 986 2735 τόν
1010 2687 1045 2734 τι
1066 2659 1279 2734 δικαιότατον

12 2818 14 2858 ,
102 2777 160 2838 καὶ
181 2767 240 2837 τὸν
260 2767 474 2852 ἀδικώτατον,
496 2769 665 2861 ἀμήχανον
687 2777 723 2840 δὲ
743 2768 839 2862 μήκει
860 2773 955 2865 ἔργον
977 2763 1061 2840 εἶναι
1081 2765 1193 2848 πάσας
1218 2775 1278 2856 μὲν

101 2875 268 2952 πολιτείας
277 2901 291 2956 ,’
313 2871 420 2942 πάντα
454 2879 489 2942 δὲ
519 2874 593 2958 ἤθη
617 2881 719 2964 μηδὲν
745 2872 979 2967 παραλιπόντα
1006 2878 1170 2956 dccl-dein
1205 2875 1278 2940 Καὶ

11 3057 12 3068 ¹
102 2975 236 3066 ὀρθῶς,
259 2979 335 3068 ἔφη.
381 2982 414 3044 Si
435 2980 522 3046 Plato
546 3001 621 3049 vere
641 2981 736 3049 vellet
759 2982 903 3048 invenire
927 2980 1111 3044 iniustitiam
1135 2979 1171 3045 in
1195 2978 1278 3046 civi·-

100 3080 225 3156 tatihns
244 3090 276 3146 et
304 3101 488 3169 comparere
515 3087 598 3150 inter
624 3107 658 3150 se
684 3083 833 3150 iustitiam
860 3085 1123 3168 iniustitiomqne,
1148 3085 1280 3148 nocuos

11 3237 12 3264 ,
98 3189 135 3250 in
164 3186 318 3250 auxilinm
348 3207 418 3252 cum
443 3188 581 3274 optimae
610 3186 765 3266 'deitatis
802 3199 870 3254 tum
894 3191 1089 3273 reliquarum
1115 3186 1278 3252 civitatum

11 3369 12 3372 γ
100 3290 388 3373 descriptionibus,
423 3290 508 3356 hand
533 3292 606 3358 satis
631 3290 820 3376 probabitur
846 3295 931 3376 quod
960 3311 1040 3378 quoe
1065 3293 1105 3356 de
1126 3292 1278 3357 iniustitia

100 3392 236 3458 dicenda
261 3394 398 3472 hahebat
424 3403 488 3458 tem
517 3393 657 3461 breviter
687 3396 845 3472 absolvat,
885 3417 983 3482 quum
1011 3398 1043 3460 in
1070 3391 1277 3462 describenda

101 3499 221 3582 optima
244 3496 368 3562 civitate
390 3506 453 3561 torn
475 3498 590 3564 multus
610 3501 717 3566 fuerit.
755 3504 794 3566 Et
817 3502 843 3566 si
862 3500 1037 3587 aequaliter
1053 3495 1160 3564 omnia
1181 3501 1277 3564 etism

99 3599 296 3683 reliquorum
336 3601 496 3667 civitatum
534 3602 673 3668 instituta
710 3607 967 3688 percensuisset,
1010 3601 1276 3689 quemadmodum

100 3705 242 3789 optimae
268 3703 402 3770 civitatis
425 3705 567 3772 instituta
595 3716 838 3793 percensuerat,
876 3705 1047 3773 illustriora
1072 3708 1179 3772 omnia
1204 3705 1282 3774 lieri

99 3827 232 3870 necesse
254 3803 315 3870 luit
334 3843 375 3858 -·
396 3807 534 3874 Platonis
558 3809 788 3876 simulationem
818 3830 876 3876 nos
896 3811 929 3875 in
950 3813 998 3874 bis
1020 3812 1109 3896 sequi
1127 3813 1215 3878 vides
1233 3845 1277 3862 -ι

100 3911 265 3994 magisque
290 3911 436 3996 perspici,
467 3917 552 3998 quod
574 3913 742 3978 discrimen
762 3922 844 3980 essct
862 3917 946 3980 inter
966 3914 1105 3980 diversas
1124 3917 1277 3991 civitates,

102 4015 326 4098 diversosque,
358 4018 450 4098 quod·
469 4015 583 4082 docere
609 4035 642 4082 se
669 4019 751 4084 velle
777 4017 916 4093 simulat,
943 4016 1115 4085 iniustitiae
1138 4023 1278 4104 gradus,

101 4117 130 4182 si
153 4115 364 4182 cumiustitia·
387 4111 622 4202 comparentur.
669 4125 733 4186 Nec
757 4118 893 4188 debebat
913 4123 992 4187 boec
1020 4126 1275 4208 tanduam'tran·

102 4220 190 4288 silice
206 4221 362 4322 oratione,
386 4221 413 4286 si
433 4209 508 4288 ve're
528 4227 567 4289 ad
580 4224 731 4290 iustitiam
752 4228 967 4311 pertinerent,
990 4234 1024 4292 et
1037 4229 1063 4293 si
1077 4225 1277 4313 propositum
