3312 5238
871 401 1080 470 -dt-

377 562 553 640 Portemus,
582 561 727 648 inquito
762 564 809 630 dr.
833 559 889 630 lib.
914 565 955 628 ll.
979 581 1011 648 p.
1033 565 1197 639 3763=‹ed.
1222 561 1268 630 st.
1307 595 1349 616 ·-
1383 561 1555 632 Suntibtee

377 667 484 734 omnin
505 667 739 735 accuratissime
761 685 912 752 expresse
935 687 976 732 ex
998 666 1050 742 iis,
1074 687 1157 753 quere
1179 668 1262 734 inti-e
1284 670 1325 732 de
1347 666 1446 733 enimi
1463 668 1557 734 leed-

378 768 506 846 trtibus‚
530 769 571 836 de
592 769 762 838 virtutihus
778 777 810 835 et
828 769 947 836 iustitie
962 769 1087 836 disserit
1101 770 1320 858 philosophus.
1344 771 1393 836 Cf.
1404 773 1446 836 de
1459 773 1556 862 θυμῷ

379 873 462 938 dicte
488 874 543 938 lib.
566 876 674 960 ΓΜ.
698 875 780 950 llud,
811 877 848 938 Β.
881 895 969 958 sqq„
1000 895 1073 942 cunr
1095 875 1134 942 iis
1156 890 1238 960 quoe
1260 874 1312 942 lric
1334 878 1374 940 de
1397 873 1556 940 melodum

376 977 505 1044 lenitnte
534 975 690 1063 disputato
711 985 794 1042 sunt.
842 981 913 1044 Non
934 977 1131 1055 dubitemus,
1167 980 1244 1064 quin
1266 985 1384 1044 attente
1405 985 1437 1042 et
1459 979 1558 1042 oonsi-

377 1080 486 1147 derete
507 1081 687 1165 legentibus
709 1086 824 1148 mirum
847 1080 987 1157 aecidat.
1003 1084 1089 1166 qnod
1113 1081 1364 1168 philosophicum
1379 1080 1558 1148 custcdilrns

377 1187 489 1250 edesse
515 1183 655 1250 indolem
678 1205 718 1250 eo
739 1183 874 1270 probet,
907 1187 1109 1270 duodenos
1137 1187 1232 1252 etim
1264 1183 1422 1250 eiusmodi
1450 1193 1559 1251 netcre

378 1288 515 1372 praediti
541 1286 719 1354 uideantur.
769 1290 831 1354 Sed
860 1287 1057 1354 excusabunt
1084 1288 1218 1354 fortusse
1246 1291 1342 1364 haee,
1375 1296 1409 1354 ct
1435 1291 1559 1372 poetico

376 1391 506 1475 ingenio
528 1393 610 1456 hene
631 1390 760 1461 veniens
777 1396 1002 1466 concedentes,
1026 1401 1058 1456 et
1072 1392 1258 1476 praesertim
1273 1393 1451 1460 nescientes
1465 1411 1557 1476 quen·

378 1503 444 1562 tum
466 1493 687 1580 philosophiae
709 1495 894 1563 custodibus
916 1494 1022 1560 inesse
1038 1495 1119 1560 uelit
1139 1503 1259 1570 auctor,
1283 1515 1380 1581 quum
1395 1498 1436 1560 ed
1451 1495 1560 1580 digno-

378 1601 533 1666 soendiun
552 1597 687 1664 amicum
709 1595 749 1662 eh
771 1597 904 1666 iuirnico
922 1616 999 1664 eune
1023 1598 1138 1681 exigue
1159 1597 1380 1684 philosophice
1403 1617 1477 1684 pers
1499 1598 1560 1664 rui-

378 1699 472 1768 fioint.
510 1705 556 1766 tu
578 1700 723 1787 plerique
745 1700 955 1786 decipiuntur.
987 1701 1092 1768 Ponite
1109 1702 1284 1783 enirnsuut
1300 1703 1380 1767 haec
1394 1709 1562 1788 propterea

379 1821 398 1870 e
421 1807 559 1878 Socrate,
582 1803 731 1891 quonium
753 1808 871 1872 horum
891 1808 1056 1872 custodum
1079 1809 1153 1888 pers
1175 1805 1274 1870 multe
1296 1805 1562 1890 praestantissime

378 1911 448 1975 reri
469 1906 649 1996 philosophi
671 1916 703 1972 et
723 1916 869 1974 rectores·
887 1908 1020 1974 civitatis
1042 1907 1140 1974 futuri
1155 1917 1239 1974 sunt.
1275 1909 1431 1978 viderie
1448 1916 1563 1993 quante

379 2021 447 2077 arte
469 2012 558 2077 Pluto
579 2011 612 2076 in
633 2011 683 2078 his
703 2011 858 2078 virtutum
880 2021 911 2076 et
932 2011 1071 2078 iustitiae
1085 2021 1234 2096 tanquam
1254 2011 1387 2095 uestigio
1401 2022 1558 2097 sequetur

379 2121 460 2182 Nem
481 2137 522 2180 ne
545 2124 716 2199 cogeretur
735 2117 841 2192 lateri,
864 2125 1030 2182 exstruere
1052 2133 1086 2182 se
1107 2137 1234 2180 omnent
1250 2115 1411 2186 uirtutem
1426 2115 1564 2182 iustitiae

376 2227 527 2304 unquam
550 2219 740 2306 exemplaris
761 2229 913 2305 perpetue
935 2220 1060 2286 ratione
1080 2219 1188 2286 hahita
1201 2255 1244 2270 -
1259 2223 1346 2306 quod
1366 2220 1563 2286 coeuntium.

376 2326 476 2392 fuine
497 2323 661 2389 docuimus
683 2324 797 2408 Operis
818 2321 956 2388 artifieio
973 2357 1016 2372 -
1037 2323 1091 2390 hio
1112 2321 1316 2389 callidissime
1336 2326 1423 2388 cerlis
1438 2343 1563 2409 eompu-

376 2427 498 2494 rntione
520 2425 634 2502 utitur,
665 2447 728 2511 quo
750 2427 973 2512 philosophum
994 2426 1132 2495 indolem
1156 2427 1558 2496 custodibusettribueret.

378 2536 463 2598 Vere
485 2540 592 2596 eutem
615 2532 774 2599 desideret
792 2533 1009 2614 fortitudinem,
1036 2551 1117 2614 qune
1141 2531 1261 2598 nitetur
1279 2529 1312 2596 in
1338 2551 1375 2598 ec
1399 2533 1497 2600 enirni
1516 2533 1565 2594 fad

378 2635 492 2702 cultele
515 2655 579 2720 que
599 2633 788 2712 iresoemur3
824 2637 1023 2716 rapiemus,
1059 2654 1141 2718 quoe
1157 2634 1265 2720 posite
1287 2636 1328 2702 sit
1349 2637 1385 2700 in·
1404 2657 1443 2700 en
1466 2635 1560 2700 euinri

376 2737 524 2804 facultate
555 2759 618 2824 qun
643 2759 721 2804 vere
750 2757 769 2804 e
795 2738 882 2804 felsis
909 2737 1148 2822 dignoscamus3
1179 2741 1431 2820 temperantiam,
1467 2759 1560 2823 quum

376 2841 525 2915 virtutem
552 2849 625 2906 ente
655 2839 763 2906 oculos
788 2843 928 2906 habebnt
947 2844 981 2906 in
1003 2837 1219 2912 describendo
1235 2827 1359 2910 modico
1382 2859 1421 2909 ee
1441 2851 1561 2928 tempe·

376 2953 447 3012 rato
469 2947 552 3012 vitoe
575 2965 691 3029 genere
715 2948 800 3029 quod
821 2945 934 3011 tertiae
956 2944 1072 3013 civium
1087 2945 1177 3011 classi
1192 2947 1442 3028 praescribebat.
1466 2953 1564 3030 etque»

373 3049 418 3115 ite
446 3051 480 3114 in
508 3051 673 3114 condenda
699 3047 823 3114 civitute
852 3049 917 3118 leun
945 3049 1093 3114 omnibus
1119 3051 1157 3114 iis
1184 3050 1355 3118 virtutihus
1388 3071 1469 3116 usus
1497 3057 1558 3123 est,

311 3188 316 3197 ·
377 3153 667 3238 originemenrum
688 3155 768 3221 adeo
790 3151 949 3226 indicens,
981 3171 1061 3236 quee
1090 3154 1228 3220 iustitiae
1250 3154 1418 3222 notionem
1436 3154 1560 3220 euneti-

377 3264 479 3323 tuunt.
525 3260 630 3339 Itaque
659 3257 750 3338 senile
778 3264 881 3336 pout,
912 3257 1066 3320 Plutonem
1095 3258 1133 3320 in
1157 3258 1278 3320 eicitur
1295 3275 1358 3320 ποπ
1378 3260 1480 3322 rodem
1503 3275 1562 3320 ποπ

373 3379 517 3443 quaerere
541 3361 706 3432 iustitiam,
738 3360 788 3422 red
811 3359 1010 3424 callidissimo
1030 3368 1096 3424 erte
1124 3361 1234 3434 celere.
1256 3371 1510 3444 praesumptum
1533 3379 1561 3424 re

373 3464 479 3532 tatere
496 3465 598 3528 οπίπιο
619 3463 752 3528 iustitiae
769 3464 924 3526 notionem
946 3463 986 3526 od
1006 3481 1126 3545 umque
1148 3465 1252 3529 omniu
1272 3463 1431 3546 ‹le'tn'pere-⁴

676 3825 679 3832 ⁴
736 3825 740 3832 ⁴
832 3825 1017 3890 Sileno
1051 3827 1126 3888 N·

459 4086 507 4147 De
528 4080 709 4150 nutriendis
733 4102 809 4148 vero
839 4090 871 4146 et
898 4080 1069 4148 educendis
1098 4080 1281 4182 custodibus
1309 4081 1431 4149 Picto
1420 4104 1457 4148 rn
1478 4081 1561 4150 home

373 4183 503 4251 modum
519 4184 670 4270 disputat.
690 4189 908 4306 θρέψονται
900 4188 934 4250 ot
921 4180 1023 4266 tol
1007 4189 1083 4270 ημῖν
1096 4174 1187 4250 οὗτοι
1199 4209 1255 4249 και
1244 4181 1560 4266 descendendum

374 4288 447 4356 τίνα
462 4283 603 4379 τρόπονς
622 4293 678 4354 καὶ
693 4275 776 4379 ἆρά
776 4313 814 4354 τι
823 4284 991 4379 προῦργου
1005 4283 1080 4374 ἡμῖν
1095 4289 1181 4354 ἐστὶν
1202 4282 1287 4356 αὐτὸ
1303 4290 1468 4358 σκοποῦσι
1479 4285 1561 4378 πρὸς
