3298 5232
527 403 763 482 22221„

54 561 114 647 qui
135 579 250 638 munus
271 579 363 628 suum
382 566 469 628 reete
489 560 624 646 implete
645 560 723 628 velit
740 601 783 618 --
805 553 863 628 ἐάν
891 583 921 626 τι
952 551 1042 646 ἡμῶν
1071 551 1114 638 ὡς
1134 581 1233 646 νομο-

54 666 172 744 οαοι
194 661 319 754 ὄφελος
339 652 369 759 ᾖ.
402 666 450 730 οι.
473 684 506 752 p.
529 667 603 742 τεο,
626 665 661 732 ο.
686 686 718 749 p.
740 666 814 740 εει,
838 664 873 727 ο.
896 683 928 750 p.
952 666 1026 741 τοι,
1049 667 1086 732 ο.
1101 664 1149 728 ει.
1169 681 1233 750 quo

53 777 220 856 postremo
240 766 313 834 Ιοοο
335 771 376 835 οε
396 770 615 837 coniunctione
636 771 749 834 harum
770 767 885 834 artium
906 767 1033 832 dicitur.

144 875 284 950 Tandem
306 870 494 940 hinnitus
516 869 762 957 disciplinisque,
785 890 862 956 quas
885 867 1007 936 discere
1026 870 1162 946 debeant
1180 888 1234 936 οο-.

56 973 167 1044 stodes
195 974 297 1054 futuri
322 974 517 1062 perlustratis
547 995 644 1060 quum
673 977 819 1040 Socrates
845 971 940 1040 etiam
960 979 1101 1040 mutuam
1122 992 1233 1041 sarum

54 1080 321 1146 necessitudinem
357 1081 605 1163 totnoscondam
641 1097 710 1145 εοεε
732 1076 930 1158 monuisset,
963 1071 1049 1144 ἀλλὰ
1076 1071 1233 1163 πάμπολυ

57 1182 161 1272 ἔργον
188 1185 307 1268 λέγεις,
339 1168 365 1250 ὦ
396 1176 592 1272 Σώκρατες,
625 1183 744 1248 Glauco
771 1179 886 1268 inquit.
921 1181 1011 1254 ,Τοῦ
1040 1178 1217 1272 προοιμίου
1224 1227 1233 1259 ,

57 1273 100 1368 ἦν
128 1281 162 1352 δ’
192 1282 272 1372 έμώ,
305 1281 326 1367 ἢ
355 1284 441 1364 τίνος
469 1288 586 1371 λέμοιςς
622 1280 643 1365 ἢ
675 1279 735 1352 οὐκ
768 1285 860 1371 ἴσμεν
895 1272 948 1360 ὅτι
982 1276 1091 1350 πάντα
1128 1283 1234 1350 ταῦτα

58 1382 222 1479 προοίμιά
243 1390 331 1458 ἐστιν
353 1383 457 1456 αὐτοῦ
478 1388 537 1457 τοῦ
558 1382 679 1476 νόμον,
708 1380 746 1454 ὃν
768 1389 820 1454 δεῖ
836 1390 980 1474 μαέλεῑνς
1008 1382 1047 1454 οὐ
1076 1380 1140 1476 γάρ
1169 1409 1234 1454 που

60 1493 196 1560 δοκοῦσι’
222 1494 261 1577 μέ
288 1515 342 1558 σοι
370 1495 403 1558 οἱ
431 1492 537 1558 ταῦτα
560 1493 659 1558 δεινοὶ
682 1493 879 1559 διαλεκτικοὶ
901 1480 995 1558 εἶναι.
1042 1485 1088 1558 Οὐ
1108 1485 1157 1576 μά
1177 1484 1235 1558 τὸν

64 1596 144 1676 Δία,
183 1594 303 1720 ἔφη,
302 1591 333 1662 εἰ
359 1591 404 1680 μὴ
432 1588 524 1713 μάλα
551 1597 590 1679 γέ
617 1617 700 1672 τινες
730 1587 834 1679 ὀλίγοι
864 1582 908 1660 ὧν
937 1589 999 1679 ἐγὼ
1026 1583 1233 1680 ε’ντετάχηκα.

55 1693 145 1766 Ἀλλ
169 1694 243 1780 ἤδη,
271 1687 376 1778 εἶπον,
405 1694 450 1785 μὴ
472 1697 607 1766 δννοιτοέ
628 1719 712 1775 τινες
734 1692 824 1774 ὄντες
846 1696 961 1764 δοῦναί
981 1720 1015 1762 τε
1036 1701 1091 1762 καὶ
1114 1691 1235 1762 ἇποδέ·

61 1801 193 1901 ξασθαι
221 1795 321 1886 λόγον
349 1801 504 1871 είσεσθαί
531 1802 612 1868 ποτέ
631 1825 663 1865 τι
686 1789 729 1868 ὧν
740 1825 827 1920 φαμ
802 1805 862 1887 μὲν
884 1801 951 1867 δεῖν
972 1794 1109 1880 εἰδέναις
1151 1792 1232 1866 Οὐδ’

61 1903 115 1984 αὐ,
137 1903 212 1996 ἔφη,
235 1898 335 1972 τοῦτό
356 1929 402 1988 ys
451 1892 639 1984 Οὐκοῦν,
608 1925 709 1984 ειπον,
731 1887 756 1968 ὦ
778 1905 805 1970 Ι
806 1896 947 1983 λανκιιν,
970 1891 1069 1979 οὗτος
1089 1897 1152 1982 ἤδη
1175 1895 1235 1968 αὐ-

59 2001 118 2084 τός
147 1999 284 2093 έστιν,ὁ
313 2000 414 2093 νόμος
439 2000 479 2074 δν
503 2003 542 2074 τὸ
571 2009 792 2092 διαλέγεσθαι
821 2006 984 2098 περαίνεις
1016 1998 1055 2074 δν
1075 2009 1131 2072 και
1152 2000 1234 2071 ὄντα

58 2105 179 2190 νοητὸν
199 2103 320 2196 μιμοῖτ’
344 2105 386 2176 άν
408 2101 428 2190 ἡ
450 2109 508 2192 τῆς
530 2105 639 2201 ὅψεως
658 2104 806 2198 δύναμις,
827 2103 867 2192 ἣν
889 2111 1038 2195 ἐλέγομεν
1051 2103 1134 2198 πρὸς
1148 2103 1235 2176 αὐτὰ

59 2209 123 2295 ἤδη
146 2208 187 2278 τά
209 2213 276 2294 ζῶα
297 2213 467 2334 ἐπιχειρεῖν
487 2208 684 2333 ἀποβλέπειν
705 2209 865 2303 καὶπρὸς
886 2209 973 2280 αὐτά
993 2209 1103 2333 άμτρα
1123 2235 1157 2283 τε
1179 2215 1234 2278 καὶ

60 2318 248 2385 τελευταῖον
279 2310 319 2398 δὴ
347 2313 431 2405 πρὸς
457 2310 559 2384 αὐτὸν
588 2312 645 2384 τὸν
672 2307 775 2404 η’λιον.
805 2307 889 2384 οὕτω
918 2321 974 2385 καὶ
1004 2306 1085 2382 ὅταν
1113 2339 1163 2394 τις
1189 2313 1234 2406 τῷ

60 2419 320 2546 διαλέμεσιλαι’
303 2420 446 2542 επιχειρῇ
467 2415 543 2495 ἄνευ
565 2419 687 2489 πασῶν
700 2420 765 2488 τῶν
785 2412 979 2500 αἰσθησειιν
1007 2413 1064 2486 διὰ
1091 2418 1151 2486 τοῦ
1177 2411 1235 2483 λό-

60 2547 122 2609 μον
143 2517 189 2589 ἐπ’
214 2517 297 2591 αὐτὸ
319 2507 341 2588 δ
360 2521 448 2592 ἐστιν
469 2526 607 2593 ἕκαστον
623 2517 746 2642 ὁρμᾷν,
768 2527 824 2591 ιιαι
844 2518 890 2608 μὴ
912 2517 1051 2615 ἀποστῇ,
1072 2525 1166 2610 πρὶν
1185 2515 1233 2589 διν

61 2621 167 2694 αὐτὸ
197 2617 216 2692 δ
244 2624 359 2694 ἔστιν
388 2621 555 2712 ἀγαθὸν
585 2621 687 2719 αὐτῇ
715 2619 864 2708 νοήσει
892 2619 1064 2719 λάβμ,’
1049 2618 1100 2695 εντ’
1110 2619 1234 2750 αὐτιρ,

61 2730 251 2818 γίγνεται
283 2729 335 2821 τῷ
363 2730 438 2797 τοῦ
465 2729 616 2810 νοητοῦ
644 2724 812 2807 τέλει,
797 2719 904 2820 ω’σπερ
934 2729 1052 2806 ἐκεῖνος
1080 2720 1154 2794 τότε
1183 2727 1234 2792 ἐπι

61 2833 109 2925 τῷ
130 2833 191 2899 τοῦ
212 2827 374 2952 δρμτοῦς
385 2827 587 2900 Παντάπασι
609 2839 670 2921 μέν
691 2818 759 2912 οὗν,
781 2829 854 2920 ἔφη.
903 2832 943 2898 Τι’
964 2815 1041 2915 οὗνς
1064 2826 1102 2898 οδ
1126 2833 1235 2898 διαλε-

62 2932 176 3016 κεινὴν
196 2930 319 3021 ταύτην
341 2932 399 3018 τὴν
420 2936 554 3022 πορείαν
574 2939 699 3013 uatem
739 2933 780 3002 ’Τι’
807 2929 890 3021 μὴν;
922 2915 968 3000 ‘H
989 2935 1027 3000 δέ
1044 2959 1098 3020 γε,
1136 2915 1231 3016 ηνδ’

62 3035 141 3126 ἐγὼ,
162 3033 255 3116 λύσις
276 3064 311 3106 τε
332 3033 398 3106 άπὸ
420 3041 483 3107 τῶν
505 3039 630 3128 δεσμῶν
650 3043 705 3106 καὶ
703 3032 941 3140 μεταστροφὴ
963 3031 1029 3104 άπὸ
1051 3037 1114 3105 τῶν
1136 3036 1236 3104 σκιῶν

62 3145 116 3210 ἐπὶ
143 3138 187 3211 τὰ
214 3143 331 3212 εἴδωλα
356 3146 411 3210 καὶ
434 3139 472 3210 τὸ
495 3144 566 3238 φῶς
586 3146 641 3210 καὶ
662 3145 697 3209 ἐκ
719 3141 778 3208 τοῦ
799 3165 973 3227 καταμειον
995 3135 1041 3220 εἰς
1062 3135 1119 3209 τὸν
1139 3131 1235 3259 μ’λιον

62 3239 224 3324 ἐπάνοδος
250 3251 306 3314 και
333 3247 401 3314 έκει
425 3241 508 3335 πρὸς
532 3252 593 3334 μὲν
615 3240 658 3312 τά
685 3239 750 3327 ζῶά
776 3269 811 3312 τε
838 3269 894 3312 και
923 3240 1021 3335 φανά
1036 3267 1093 3312 και
1113 3238 1152 3311 τὸ
1174 3243 1235 3313 τοῦ

62 3344 159 3432 ἡλίοο
181 3348 253 3442 φῶς
273 3345 318 3416 ἐπ’
343 3343 510 3440 άδοναμίςι
531 3351 674 3434 βλέπειν,
705 3343 788 3437 πρὸς
809 3349 844 3414 δὲ
866 3342 909 3414 τά
929 3349 962 3415 έν
983 3337 1083 3414 ὕδασι
1105 3340 1235 3440 εμαντά·

63 3451 282 3540 σματαθεῖα
304 3457 359 3520 καὶ
381 3449 475 3530 σκιάς
496 3452 559 3518 τῶν
585 3445 703 3527 ὄντων,
734 3445 803 3518 ἄλλ’
833 3445 893 3517 οὐκ
914 3445 1054 3518 εἰδώλων
1075 3446 1170 3530 σκιάς
1192 3443 1231 3516 δι’

62 3558 175 3648 ἑτέρον
203 3549 356 3624 τοιούτου
384 3551 495 3648 φωτὸς
517 3549 560 3633 ὡς
580 3551 663 3672 πρὸς
683 3545 777 3636 ἥλιον
802 3554 921 3677 κρίνειν
940 3547 1235 3642 άπασκιαζομένας,

62 3660 156 3726 πάσα
185 3649 268 3741 ον’τη
295 3653 315 3741 ἡ
344 3657 552 3750 πραγματεία
574 3659 637 3727 τῶν
659 3657 791 3746 τεχνῶν,
819 3651 860 3735 δὶς
881 3653 1083 3744 διηλιλομεν,
1111 3652 1234 3739 ταύτην

63 3761 129 3850 ἔχει
151 3759 210 3845 τὴν
230 3757 368 3846 δύναμιν
392 3763 491 3830 μαλ’
476 3758 688 3848 επαναμωμὴν
708 3786 768 3828 τοο
753 3761 999 3846 βελτίστον’
983 3779 1017 3828 εν
1036 3761 1128 3854 ψυχῇ
1150 3784 1235 3880 προς

62 3863 124 3948 τὴν
144 3865 203 3933 τοῦ
221 3861 362 3986 μρίοτοο
385 3866 417 3932 έν
439 3869 509 3943 τοῖς
530 3863 605 3932 οδσι
625 3859 771 3984 δέαμ,
757 3855 863 3954 ω’σπερ
884 3858 959 3930 τότε
982 3865 1041 3930 τοῦ
1063 3858 1235 3951 σοφιστά·

62 3993 124 4037 τοο
136 3970 171 4037 έν
161 3963 312 4094 σάματι
332 3965 415 4056 πρὸς
427 3965 485 4049 τὴν
499 3969 559 4035 τοῦ
574 3963 764 4060 φανοτάτου
786 3969 819 4034 έν
841 3991 885 4060 τῳ
870 3968 1117 4054 σωματοειδει
1127 3991 1161 4034 τε
1177 3972 1236 4034 καὶ

63 4067 190 4197 ορατῷ
199 4066 298 4164 τόπῳ.
340 4067 419 4156 Ἐγὼ
439 4099 461 4159 μ
465 4077 515 4149 ἐν,
539 4069 619 4164 ἔφη,
645 4063 847 4158 ἀποδέχομαι
870 4061 967 4136 οὕτω.
1001 4069 1056 4136 κατ’
1078 4094 1130 4137 τοι
1151 4095 1234 4140 παν-

62 4173 190 4244 τάπασί
218 4180 256 4262 μέ
281 4199 340 4264 μοι
362 4173 452 4241 δοκεῖ
466 4169 607 4270 χαλεπά
614 4180 674 4262 μὲν
695 4163 977 4264 ἀποδέχεσθαι
945 4198 1046 4258 swas,
1075 4169 1177 4244 αλλον
1198 4169 1232 4252 δ

62 4268 106 4348 αὗ
130 4274 255 4370 τρόπον
271 4272 459 4370 χαλεπὰ
419 4305 465 4367 μη
487 4272 767 4368 άποδέχεσθαι.“
743 4284 902 4370 ομως
866 4280 965 4348 δ
922 4273 1025 4349 -οὐ
1023 4305 1111 4374 μοιρ
1133 4303 1166 4347 εν
1187 4277 1236 4372 τῷ
