3296 5232
579 435 621 451 -
664 402 736 470 315.
770 435 812 453 -·

104 565 261 632 omnium.
313 559 451 631 Turbari
478 569 584 630 eutem
613 569 647 630 et
679 561 865 651 permisceri
902 569 1023 632 rectum
1048 563 1150 632 animi
1179 569 1293 632 statum

101 713 150 726 -
170 670 215 737 ita
239 677 330 736 vocat
361 668 499 736 animum
526 671 582 755 qui
611 671 726 734 habeat
760 676 898 754 quatuor
926 669 1058 736 virtutes
1090 665 1289 746 cardinales,

101 773 314 858 sapientiam,
351 771 586 849 fortitudinem,
622 775 878 859 temperantiam,
918 771 1088 850 iustitiam,
1132 772 1295 861 oppositas

101 885 245 965 quatum
264 877 348 944 vitiis
369 874 599 953 cardinalibus,
623 896 704 962 quae
726 884 800 944 sunt
814 872 942 958 ἀδικία,
966 871 1152 953 ἀκολασία,
1175 877 1292 953 δειλία,

101 978 264 1068 ἀμαθία,
285 980 386 1068 lisque
409 1001 444 1046 se
465 980 534 1065 regi
555 979 699 1046 sinat-
720 980 748 1046 si
769 980 906 1048 musicae
927 980 1030 1048 studia
1049 987 1199 1066 rectaque
1215 978 1292 1047 edu·

101 1088 189 1152 catio
210 1084 422 1169 negligantur.
466 1087 545 1149 Nam
566 1087 742 1170 procedere
759 1104 829 1152 eam
843 1083 1115 1169 perturbationem
1131 1082 1172 1151 ad
1186 1086 1287 1169 leges,

101 1197 269 1276 totamque
289 1187 415 1275 penitus
437 1185 592 1254 civitatem
614 1195 770 1265 evertere,
815 1190 863 1254 Ita
878 1187 957 1255 oriri
972 1188 1113 1254 diversas
1133 1190 1288 1265 civitates,

102 1313 241 1379 quarum
263 1293 418 1376 originem
439 1291 525 1362 Plato
540 1292 657 1378 repetit
670 1313 711 1358 ex
724 1291 887 1360 bominum
901 1291 1015 1358 animis
1029 1300 1124 1378 atque
1141 1291 1288 1376 ingeniis.

191 1398 271 1463 Cum
291 1398 341 1462 his
362 1395 453 1462 dictis
474 1395 570 1462 etiam
592 1414 734 1481 congrua
752 1403 845 1475 sunt,
875 1417 955 1484 qnae
977 1400 1038 1462 boc
1059 1394 1132 1462 loco
1151 1397 1192 1461 de
1213 1395 1292 1462 civi·

100 1509 204 1570 tatum
223 1501 353 1567 interitu
372 1503 547 1566 traduntur.
590 1504 669 1566 Nam
690 1501 834 1566 accidere
854 1500 1013 1567 interdum
1028 1507 1174 1586 tempora
1195 1499 1287 1578 dicit,

102 1625 188 1694 qnae
209 1625 273 1671 non
294 1611 367 1691 apta
387 1603 450 1670 sint
470 1601 511 1670 ad
531 1607 785 1692 procreandum,
808 1611 942 1692 propter
972 1606 1149 1670 animarum
1171 1621 1286 1688 corpo-

100 1728 242 1794 rumque
262 1717 330 1775 tum
350 1710 504 1791 temporis
527 1703 687 1801 ἀφορίαν.
732 1709 826 1787 Quod
853 1716 960 1774 tamen
992 1704 1139 1799 ἀφορίας
1165 1716 1291 1796 tempus

101 1834 170 1879 non
192 1831 320 1899 semper
339 1809 562 1888 animadverti,
584 1819 617 1877 et
635 1811 724 1877 nasci
744 1813 788 1878 ita
809 1810 864 1897 qui
885 1811 948 1877 sint
969 1806 1036 1878 αλλ’
1057 1806 1188 1903 εὐφυεῖς
1210 1806 1287 1878 οὐδ’

104 1912 257 2004 εὐτυχεῖς.
299 1919 364 1980 Eos
384 1923 508 1993 tamen,
533 1919 684 2001 qnoniam
704 1937 771 1982 non
792 1914 953 2002 supersint
974 1914 1139 1992 meliores,
1171 1919 1212 1982 ad
1231 1914 1298 1992 im·‚

101 2021 229 2108 perium
250 2022 378 2098 venire,
410 2027 443 2086 et
464 2019 581 2105 negligi
610 2018 650 2085 ab
671 2018 711 2086 iis
733 2019 872 2104 primum
899 2018 1038 2086 musicae
1072 2027 1139 2086 tum
1162 2039 1293 2106 gymna-

103 2126 203 2190 sticae
221 2123 335 2190 studia.
380 2126 428 2189 Ita
441 2121 512 2190 fieri
526 2125 674 2190 custodes
695 2123 750 2210 qui
772 2126 952 2190 discernere
974 2143 1039 2190 nou
1060 2130 1145 2190 recte
1166 2126 1292 2207 possint

103 2235 171 2294 tres
199 2227 315 2295 civium
344 2226 474 2304 classes,
502 2247 618 2314 easque
646 2228 692 2294 ita
719 2227 918 2314 permisceri.
962 2229 1040 2294 Inde
1066 2226 1147 2294 oriri
1168 2224 1290 2297 bellum

105 2339 139 2398 et
158 2329 355 2410 inimicitias,
379 2351 438 2419 per
459 2351 539 2417 quas
560 2337 701 2398 mutetur
721 2331 873 2416 pristinus
893 2330 1089 2418 reipublicae
1111 2337 1219 2400 emtus.

374 2567 552 2646 Plutonis
577 2545 760 2646 παιυιναε
787 2569 1017 2672 explicatur.

188 2753 347 2822 Credibile
367 2777 433 2821 non
456 2763 505 2823 est
524 2755 685 2824 Platonem
707 2758 864 2834 numeris,
887 2774 969 2841 qnae
984 2762 1057 2822 snnt
1072 2753 1179 2822 inania
1193 2755 1285 2840 signa

102 2861 296 2947 quantitatis,
311 2858 597 2927 nechabcntnllam
612 2863 677 2927 vim
688 2879 792 2949 neque
800 2861 951 2946 gignendi
960 2879 1061 2947 neque
1074 2859 1287 2936 interimendi,

100 2967 203 3050 ipsam
218 2983 344 3030 causam
358 2963 502 3030 interitus
520 2965 679 3030 civitatum
693 2968 798 3031 inesse
812 2964 961 3034 voluisse.
999 2966 1093 3043 Quod
1114 2964 1200 3029 idem
1210 2983 1289 3050 pro·

101 3071 197 3134 betur
203 3067 379 3134 Aristotelis
388 3069 582 3145 testimonio,
596 3069 663 3156 qui,
679 3076 848 3156 postquam
858 3066 1027 3134 formulam
1035 3069 1287 3134 mathematicam

100 3170 242 3237 Platonis
263 3172 383 3248 attulit,
407 3169 485 3236 baec
506 3173 609 3236 addit:
633 3161 676 3249 τίς
697 3165 903 3258 trigesimale
924 3195 1004 3238 ποτε
1025 3163 1176 3262 φυούσης
1198 3167 1288 3264 φυσί-

101 3279 182 3353 λους
201 3279 257 3342 καὶ
286 3275 452 3362 κρείττους
479 3276 538 3361 τῆς
562 3274 714 3352 παιδείας
735 3299 764 3341 κ.
787 3298 814 3342 τ.
837 3275 861 3340 ἑ.
903 3279 954 3341 Ex
990 3273 1102 3342 eodem
1125 3272 1286 3360 colligitur

102 3377 180 3445 duas
201 3398 272 3445 esse
292 3377 418 3444 numeri
438 3387 561 3465 partes,
583 3399 717 3464 quarum
739 3381 828 3468 prior
849 3382 890 3445 ad
908 3399 1050 3456 causam,
1073 3382 1235 3462 posterior
1246 3377 1287 3447 ad

100 3491 226 3568 tempus
247 3485 392 3548 interitus
414 3481 548 3549 civitatis
576 3483 740 3570 pertineat.
789 3484 881 3550 Prior
913 3482 978 3548 exit
998 3481 1122 3550 verbise
1154 3473 1197 3550 ὧν
1218 3484 1287 3550 ἐπί.

101 3611 214 3675 τρίτος
233 3583 377 3673 πυθμὴν
398 3582 543 3673 πεμπάδι
575 3590 722 3672 συζυγεὶς
743 3581 803 3654 δύο
833 3583 994 3676 ἁρμονίας
1016 3589 1193 3676 παρέχεται
1215 3591 1286 3674 τρὶς

101 3685 278 3772 αὐξηθεὶς,
300 3709 381 3776 quae
402 3698 511 3777 aperte
531 3693 726 3779 respondent
746 3690 958 3758 Aristoteleis:
990 3691 1079 3772 Φησὶ
1094 3685 1158 3779 γὰρ
1175 3690 1284 3757 αἴτιον

101 3783 185 3860 εἶναι
208 3790 246 3860 τὸ
266 3790 312 3881 μή
335 3796 441 3880 μένειν
461 3797 591 3881 μηθὲν,
620 3788 690 3859 ἀλλ’
722 3793 756 3859 ἐν
785 3798 847 3859 τινὶ
874 3789 1016 3885 περιόδῳ
1049 3788 1285 3880 μεταβάλλειν,

101 3891 236 3987 ἀρχὴν
263 3888 427 3965 δἐἶναι
450 3892 624 3975 τούτων,
652 3885 701 3962 ὧν
728 3895 947 3988 ἐπίτριτος
975 3893 1155 3983 πυθμὴν
1183 3922 1285 3981 πεμ-

100 3995 203 4068 ποίδι
230 4001 420 4085 συζυγεὶς
441 3994 993 4091 δίουίρμονίαςπαρίχεται,
1016 4003 1159 4086 λέγων,
1183 3991 1284 4068 ὅταν

102 4098 1283 4195 ὁτοῦὸιαγροίμματοςοίριιὶμὸςτούτουγὲνηταιστερεός.

188 4206 700 4294 Consideranuaprimum·verba:
726 4207 787 4286 ἔςι
808 4209 851 4274 δὲ
873 4209 977 4300 θείῳ
998 4215 1074 4295 μὲν
1094 4207 1284 4301 γεννητῷ

102 4310 297 4404 περίοδος
316 4305 367 4399 ἣν
387 4306 582 4403 ἀριθμὸς
602 4307 907 4403 περιλαμβάνει
932 4315 1106 4394 τέλειος,
1121 4306 1288 4400 aindoma
