3298 5232
566 361 797 428 -tm-

92 523 254 592 ιοοειλιοε
271 527 375 596 tumen
396 523 436 586 ub
459 537 497 588 ιο
521 523 734 606 quamtotius
755 520 863 606 operis
885 520 983 589 finem
1001 543 1071 596 εεεε
1093 521 1271 603 εἰιυιιλιιλιοῐ,1

92 647 201 710 nequo
230 627 376 712 aperiens
405 625 592 703 consilium,
613 647 687 713 ‹quo
716 645 811 692 omue
838 646 919 713 opus
946 629 987 692 ad
1016 627 1174 694 civitatem
1199 649 1274 696 voro

91 731 256 817 pertinere
277 728 388 798 voluit.
402 731 525 794 -tlum
546 749 621 794 mro
643 729 836 814 perspicitur
857 751 951 817 quum
974 734 1015 797 ob
1037 751 1105 796 mm
1128 734 1272 818 quaestio

92 838 136 900 do
158 832 294 900 utilitate
315 833 545 902 communionis
566 835 711 900 virorum
733 833 976 920 mulierumque,
1000 835 1131 900 alterum
1146 835 1185 902 de
1199 857 1275 922 pos-

92 940 244 1004 sibilitate
267 941 439 1008 antecedat.
482 940 561 1004 Nam
584 958 682 1022 quum
700 940 784 1005 haee
805 940 958 1022 paulatim
979 959 1050 1004 cum
1065 939 1137 1016 ulia,
1161 938 1273 1006 fierine

91 1044 157 1108 ista
179 1043 288 1108 civitas
309 1041 424 1125 possit,
451 1050 678 1117 commutetur,
708 1062 778 1108 eam
801 1051 962 1128 postremo
984 1041 1056 1108 Ιοιο
1076 1042 1271 1110 tractandam

91 1146 193 1214 fuine
214 1145 407 1231 intelligitur.

181 1251 249 1316 lum
279 1249 435 1316 lectorum
467 1248 724 1336 audientiumque
760 1249 913 1316 voluntati
945 1249 1158 1320 satisfaciens:
1198 1247 1272 1320 Οὐ-

91 1354 209 1433 κοῦν,
243 1355 359 1442 iuquit,
395 1353 661 1441 πρῶτονμὲν
690 1349 785 1421 τάδε
810 1349 883 1442 χρῆ
900 1348 1271 1480 ἀναμνησθῆναι,

94 1448 161 1524 ίίτι
182 1451 303 1538 ἡμεῖς
324 1459 549 1539 ζητοῦντες
570 1452 844 1540 δικαιοσύνην
871 1450 963 1524 οἷόν
984 1457 1074 1524 ἐστι
1096 1464 1165 1525 καὶ
1188 1454 1273 1536 ἀδι-

93 1583 191 1627 κιαν
213 1550 517 1650 δευροηκομεν
542 1551 642 1684 Χρῆ·
666 1555 772 1627 αλλα
793 1585 831 1628 τι
854 1584 991 1642 τουτο
1014 1563 1104 1653 ἔφη
1138 1557 1273 1631 Οὐδέν.

95 1658 166 1730 ἀλλ
198 1659 255 1730 ἐάν
281 1654 436 1749 είίρωμεν,
469 1653 539 1729 οἷόν
570 1665 638 1730 ἐστι
667 1650 929 1746 δικαιοσύνη,
909 1689 976 1753 αρα
1004 1670 1060 1731 καὶ
1089 1661 1194 1756 ἀνδρα
1217 1663 1275 1734 τὸν

94 1769 226 1834 δίκαιον
258 1762 438 1853 ἀξιώσομεν
462 1767 565 1890 μηδὲν
594 1768 660 1834 δεῖν
686 1762 789 1848 αὐτῆς
817 1768 937 1849 ἐκείνης
966 1771 1153 1860 διαφέρειν,
1188 1765 1274 1836 ἀλλά

94 1872 247 1959 πανταχῆ
269 1871 421 1938 τοιοῦτον
443 1859 544 1949 εἶναι,
567 1862 637 1936 οἷον
659 1863 889 1952 δικαιοσύνη’
874 1872 977 1947 εστίν;
1006 1867 1027 1952 ἢ
1049 1867 1273 1959 άγαιιῆσομεν,

95 1972 153 2042 ἐάν
175 1965 227 2041 ὅτι
249 1968 414 2093 ἐγγύτατα
435 1970 539 2055 αὐτῆς
560 2001 580 2068 ῃ
603 1978 658 2040 καί
680 1977 816 2042 ιιλειστα
847 1975 909 2041 τῶν
937 1971 1089 2042 ἀλλων
1073 1977 1193 2056 εκείνης
1217 2002 1274 2063 με-

96 2082 190 2172 τέγης
221 2068 392 2157 οίίτως,”
373 2093 453 2170 εφη
483 2071 709 2163 ἀγυιιῆιιομεν
758 2073 1090 2165 ΙΙαραδείγματος”
1067 2103 1135 2167 αρα
1164 2080 1274 2199 ἕνεκα,

95 2207 137 2264 ην
159 2176 190 2248 δ
215 2177 293 2266 ἐγὼ,
323 2182 495 2268 ἐζητοῦμεν
518 2175 601 2248 αὐτό
631 2205 664 2248 τε
692 2174 961 2262 δικαιοσύνην
925 2176 997 2247 οιόν
1018 2183 1105 2261 ἐστι,
1135 2187 1190 2248 καί
1217 2177 1276 2249 άν·

96 2288 161 2374 δρα
185 2281 243 2351 τὸν
264 2288 377 2363 τελέως
399 2286 543 2363 δικαιου,
567 2280 598 2352 εἰ
616 2287 761 2370 γένοιτο,
790 2290 845 2352 καὶ
868 2277 937 2361 οἷος
959 2280 1001 2352 άν
1022 2285 1069 2366 εἴη
1091 2280 1273 2370 γενόμενος,

95 2394 171 2456 καὶ
181 2385 312 2455 ἀδικίαν
341 2385 383 2454 αὐ
414 2394 469 2456 καὶ
498 2385 556 2456 τὸν
578 2383 803 2468 ἀδικώτατον,
832 2409 887 2454 ινα
907 2383 953 2465 εἰς
974 2389 1113 2466 ἐκείνους
1135 2383 1277 2472 ἀποβλέ-

95 2515 226 2573 ποντες,
255 2485 321 2558 οἷοι
351 2488 392 2558 ἀν
421 2487 498 2579 ῆμιν
527 2492 710 2584 φαίνωνται
739 2492 967 2580 εὐδαιμονίας
976 2514 1046 2558 τε
1037 2493 1111 2581 ιιέρι
1136 2491 1274 2560 καὶτοῦ

96 2599 269 2676 ἐναντίου,Ι
287 2569 556 2683 ἀναγκαζώμεθα
586 2601 642 2662 καὶ
669 2599 740 2684 περὶ
770 2589 860 2682 ἡμῶν
884 2572 994 2661 ἀὐτάν
1017 2589 1210 2713 ὁμολογεῖν,
1237 2589 1276 2674 ὃς

95 2698 138 2769 άν
166 2701 298 2779 ἐκείνοις
325 2690 378 2766 ὅτι
405 2694 603 2784 ὁμοιότατος
631 2686 669 2794 ᾗ,
699 2696 757 2780 τῆν
786 2699 905 2780 ἐκείνης
928 2703 1050 2788 μοῖραν
1072 2692 1273 2784 ὁμοιοτάτην

96 2805 187 2888 ἐξειν,
209 2799 277 2870 άλλ
303 2798 342 2870 06
366 2799 486 2871 τούτου
508 2805 615 2884 ε’νεκα,
637 2800 669 2870 ’ίν
666 2797 976 2889 ’ἀιιοδειξωμεν,
955 2828 999 2880 ως
1019 2798 1144 2870 δυνατά
1167 2803 1275 2869 ταῦτα

94 2911 286 2997 γίγνεσθαι.
334 2908 441 2974 Τοῦτο
462 2907 572 2993 μέν,”
555 2933 631 2998 εφη,
656 2901 786 2988 ἀληθὲς
806 2909 921 2991 λε’γεις.
960 2902 1065 2972 οὶἐι’
1043 2930 1086 2970 αν
1100 2891 1159 2973 οὖν
1175 2895 1273 2987 ῆιτόν

95 3039 127 3081 τι
153 3008 292 3129 ἀγαθὸν
313 3000 542 3102 ζωγράφον
510 3035 594 3078 ειναι
615 3004 653 3088 δς
674 3007 715 3077 ἀν
735 3004 887 3100 γράψας
895 3003 1115 3127 παράδειγμα,
1142 3003 1212 3075 οἷον
1234 3005 1276 3076 ἀν

94 3118 145 3198 εἴη
170 3109 188 3181 6
211 3109 387 3236 κάλλιστος
408 3112 608 3200 άνθρωιιος,
634 3119 689 3180 καλ
711 3107 820 3178 πάντα
841 3107 899 3190 ιίς
921 3109 959 3178 τὸ
989 3105 1126 3198 γράαμα
1155 3113 1273 3190 ἱκανῶς

93 3215 244 3297 ἀποδοὺς
264 3215 310 3306 μῆ
333 3217 387 3312 ε”γιη
410 3212 646 3338 ἀποδεῖξαι,
625 3241 668 3295 ως
695 3221 750 3282 καὶ
777 3212 917 3283 δυνατὸν
938 3217 1100 3300 γενέσθαι
1122 3216 1274 3288 τοιοῦτον

95 3320 223 3409 ἄνδρας
252 3318 314 3388 M6
344 3317 390 3389 Δι’
423 3317 489 3387 οὐκ
511 3316 619 3406 ἔγωγ’,
649 3321 722 3413 ἔφη.
771 3322 818 3386 Τί
846 3307 934 3401 0663
969 3315 1015 3386 οὐ
1043 3323 1112 3385 καί
1140 3314 1271 3406 ἡμεῖς,

94 3433 252 3519 φαμὲν,
284 3418 556 3548 ιιαράδειγμα
594 3426 813 3524 ἐποιοῦμεν
849 3417 958 3514 λόγω
993 3417 1162 3508 ἀγαθῆς
1199 3418 1271 3489 πό-

94 3535 215 3610 λειιςι
243 3524 363 3596 Πάνυ
391 3554 443 3650 γε.
490 3517 614 3596 Ἧιτόν
640 3553 671 3594 τι
699 3515 757 3596 οὖν
780 3529 840 3594 οἴει
862 3521 948 3609 ἡμᾶς
970 3549 1012 3646 εμ-
1027 3527 1130 3612 λέγειν
1153 3523 1272 3594 τούτου

95 3637 208 3709 ἕνεκα,
238 3630 294 3700 ἐάν
320 3629 366 3719 μῆ
395 3631 513 3720 ἐχωμεν
539 3626 753 3713 ἀιιοδεῖξαι’
732 3657 775 3710 ως
772 3626 937 3697 δυνατὸν
959 3617 1043 3696 οίίιω
1064 3625 1161 3698 πόλιν
1183 3627 1272 3711 οἰκῆ-

95 3762 174 3818 σαι,
203 3731 245 3815 ὡς
267 3738 410 3821 ἐλίγετος
451 3732 497 3802 (λίι
519 3737 622 3817 δῆτα,
652 3735 726 3827 ἔφη.
774 3731 821 3800 Τὸ
843 3741 903 3819 μὲν
924 3735 1033 3802 τοίνυν
1054 3729 1203 3817 ἀληθὲς,
1234 3723 1274 3817 ῆν

95 3838 127 3910 δ’
153 3837 229 3927 ἐγώ,
259 3831 360 3909 οίίτω·
388 3835 419 3906 εί
432 3841 479 3906 δέ
502 3844 556 3906 καλ
580 3840 678 3906 τοῦτο
699 3839 972 3928 προθυμηθῆναι
1000 3835 1052 3905 δεῖ
1077 3835 1138 3920 σῆν
1156 3834 1272 3928 χάριν,

95 3943 284 4026 ἀποδεῖξαι,
310 3944 355 4023 ιιῆ
381 3937 528 4028 μάλιστα
555 3939 719 4009 καὶκατὰ
741 3944 771 4009 τί
794 3937 1056 4010 δυνατώτατ’ἀν
1084 3944 1146 4024 εἴη,
1173 3939 1273 4010 πάλιν

94 4075 156 4139 μοι
185 4044 267 4146 πρὸς
295 4043 355 4128 τῆν
381 4042 548 4128 τοιαύτην
565 4041 730 4127 ἀπόδειξιν
752 4042 795 4112 τά
815 4041 902 4113 αὐτά
924 4041 1173 4134 διομολόγησαι.
1222 4047 1273 4114 Τά

95 4157 197 4233 ιιοῖας
231 4136 303 4236 Ἀρ
336 4142 406 4216 οἶόν
435 4153 469 4216 ιε’
497 4173 530 4216 τι
558 4144 804 4238 πραχθῆναι
783 4175 825 4228 ως
854 4147 1049 4235 λέγεται,
1029 4177 1049 4232 η
1078 4146 1181 4271 ιμιίσιν
1210 4155 1275 4238 ἔχει

97 4255 217 4348 πρᾶξιν
239 4242 391 4336 λέξεως
364 4275 472 4346 ηττον
493 4248 658 4337 ἀληθείας
673 4249 916 4344 ἐφάπτεσθαι,
920 4250 981 4328 κίίν
1003 4250 1034 4329 εί
1052 4250 1148 4354 μῆ
1115 4279 1157 4322 ιω
1173 4258 1294 4343 δοκεῖι
