3298 5232
855 355 1086 432 αμα*

383 527 480 609 igitur
500 521 594 608 plane
616 523 762 592 omittere
782 521 922 591 voluisse
944 526 1105 592 Socratem
1127 507 1168 594 de
1187 523 1356 595 mulierum
1369 526 1557 595 liberorum·

384 648 446 714 que
469 632 689 694 communione
711 627 956 716 disputationem
970 628 1157 708 viderimus,
1181 651 1251 698 eam
1266 635 1425 698 sermonis
1438 641 1556 720 partem

383 729 483 798 multo
503 729 625 797 facilins
647 729 757 797 abessa
778 751 871 817 posse
892 740 986 819 patet,
1007 753 1110 820 neque
1131 734 1199 800 siva
1220 735 1357 802 additam
1372 735 1440 802 sire
1466 737 1559 802 omis·

384 855 452 901 sam
472 854 614 900 mancam
635 833 743 902 fecere
765 856 905 902 summae
919 840 974 902 ¹roi
997 837 1239 922 explicationem
1249 863 1261 918 ;.
1288 839 1378 906 aliter
1399 849 1506 906 autem
1527 861 1559 906 se

383 959 435 1006 res
456 937 561 1015 habet,
584 951 655 1005 cum
679 961 717 1004 ea
732 940 893 1006 sermonis
914 948 1016 1025 parte,
1040 961 1121 1029 quae
1136 964 1176 1007 ne
1191 950 1283 1008 antea
1296 946 1560 1029 quidem-omissa

383 1049 446 1120 cst,
469 1049 501 1108 ct
521 1044 696 1108 accuratius
718 1043 905 1127 explicanda
925 1046 1051 1120 fuisset,
1081 1045 1122 1110 cl.
1146 1067 1178 1132 p.
1202 1047 1283 1123 tlt,
1307 1051 1344 1113 A.
1369 1049 1435 1122 st,
1467 1055 1500 1114 et
1521 1047 1559 1112 ob

384 1167 453 1214 eam
481 1148 581 1212 solam
608 1157 735 1212 causam
764 1146 972 1232 negligentius
1001 1157 1132 1214 tractata
1159 1157 1223 1226 est,
1258 1152 1345 1236 quod
1366 1149 1560 1236 praeviderit

384 1254 545 1325 Socrates,
575 1252 661 1337 quod
689 1259 793 1315 tamen
822 1249 868 1315 ibi
889 1250 1097 1334 significatum
1118 1272 1183 1317 non
1204 1260 1265 1329 est,
1296 1253 1378 1318 sesi
1401 1274 1473 1319 cam
1494 1273 1559 1318 rem

381 1355 477 1421 latius
498 1356 724 1439 exposuisset,
745 1358 785 1419 ad
807 1374 845 1418 oa
866 1353 1035 1420 deductum
1057 1358 1116 1433 iri,
1146 1377 1227 1440 quae
1249 1364 1383 1442 propter
1404 1358 1558 1422 sermonis

381 1457 610 1545 longitudinem
633 1465 665 1522 et
686 1455 899 1523 difficultatem
921 1459 1081 1545 explicare
1102 1459 1208 1528 nollet.
1257 1460 1362 1525 Palam
1385 1468 1434 1526 cst
1456 1467 1558 1526 auten

382 1567 444 1652 boc
466 1561 586 1646 fingere
608 1565 772 1627 Socratem
794 1568 830 1626 ut
851 1581 976 1627 causam
998 1561 1129 1628 afferret
1150 1564 1227 1630 'satis
1247 1555 1421 1649 speciosam
1445 1573 1477 1630 et
1499 1564 1560 1629 dia·

383 1664 448 1749 logi
469 1663 593 1751 legibus
615 1671 874 1742 consentaneam,
907 1685 973 1731 cur·
992 1664 1070 1732 baec
1090 1688 1174 1732 nunc
1196 1670 1326 1732 demum
1348 1667 1558 1751 explicentur,

383 1790 442 1836 nee
463 1768 519 1834 illo
539 1768 610 1835 loco
633 1768 811 1853 diligentius
834 1768 991 1854 explicata
1012 1770 1085 1836 sint.
1131 1769 1225 1849 Quod
1255 1793 1312 1837 cur
1341 1791 1418 1838 rere
1445 1773 1559 1837 tactum

384 1872 440 1948 sit,
468 1871 591 1938 etiamsi
612 1874 675 1938 iam
695 1874 897 1959 perspicuum
918 1875 989 1938 fore
1010 1881 1157 1961 putamus
1178 1897 1219 1939 ex
1241 1876 1279 1939 iis
1302 1895 1384 1960 quae
1406 1892 1482 1940 cum
1505 1879 1561 1940 boc

382 1977 455 2068 loeo
475 1984 543 2043 tum
565 1984 655 2040 antea
676 1975 832 2053 diximus,
863 1985 969 2042 tamen
993 1977 1087 2061 plane
1108 1985 1175 2043 tum
1198 1976 1324 2043 demum
1347 1978 1558 2062 intelligetur,

383 2081 411 2147 si
438 2079 772 2156 demonstraverimus,
803 2099 860 2144 cur
881 2079 920 2145 de
941 2081 1009 2146 ideo
1036 2082 1106 2146 doci
1129 2083 1162 2147 in
1182 2085 1243 2146 bac
1265 2083 1380 2168 Operis
1400 2091 1494 2166 parte
1517 2081 1562 2148 di-

383 2182 517 2250 cendum
541 2184 767 2248 existimaverit
787 2183 1005 2270 philosophus.
1050 2184 1233 2251 Dubitatum
1263 2193 1311 2250 est
1337 2189 1454 2261 etiam,
1487 2207 1561 2251 nom

385 2303 424 2354 ea
458 2285 615 2352 sermonis
650 2305 742 2374 pars,
778 2308 840 2372 qua
874 2287 1134 2374 pbilosophorum
1170 2288 1352 2356 instituendi
1384 2292 1469 2357 ratio
1501 2290 1562 2356 late

383 2388 572 2460 describitur
601 2389 641 2456 ad
668 2388 902 2476 Rempublieam
928 2394 1085 2477 pertineat
1112 2413 1151 2457 an
1174 2381 1246 2459 non.
1292 2393 1325 2458 Si
1347 2413 1424 2460 vero
1445 2398 1563 2480 proba-

382 2501 542 2572 tumeat,
572 2497 681 2580 priora
712 2493 817 2559 omnia
844 2495 992 2579 quaeda
1020 2495 1215 2582 pbilosophis
1243 2496 1398 2583 disputata
1426 2497 1561 2564 suntad

356 2676 361 2683 ⁴
382 2596 619 2685 llempublicam
639 2595 807 2664 referenda
828 2617 916 2676 esse,
940 2599 1018 2666 baec
1039 2600 1152 2667 eodem
1174 2603 1338 2686 pertinere
1359 2600 1422 2667 iam
1446 2609 1560 2688 sponte

385 2703 538 2788 sequitur.
590 2699 654 2767 Sed
684 2701 893 2768 demonstrari
924 2703 956 2768 id
990 2704 1089 2769 etiam
1111 2711 1216 2791 potest
1241 2716 1282 2770 e'n
1310 2707 1438 2770 Platone
1468 2709 1560 2788 ipso:

384 2803 500 2873 Scribit
525 2803 721 2871 enimrdrrai
750 2811 805 2872 καὶ
834 2802 883 2872 τό“
900 2801 1016 2874 λοιπὸν
1045 2803 1083 2874 οὐ
1112 2802 1242 2886 πάντας
1269 2809 1370 2899 ῥᾷςον
1399 2810 1560 2874 διελθεῖν.

385 2909 561 2978 Coniuncta·
577 2907 674 2994 igitur
697 2907 775 2974 baec
797 2917 845 2976 est
866 2914 1021 2978 sermonis
1043 2932 1117 2996 pars
1138 2931 1219 2977 cum'
1236 2909 1501 2999 praecedentibus
1525 2933 1561 2977 er

382 3015 485 3100 iisque
507 3016 588 3078 adeo
610 3014 761 3097 sequium.
810 3010 857 3080 Τὸ
878 3018 975 3080 ποῖον
982 3040 992 3096 3
1026 3017 1109 3080 Τι’να
1130 3010 1255 3103 τρόπον
1273 3017 1562 3104 μεταχειριζομένη

383 3113 479 3196 πόλις
510 3117 716 3208 φιλοσοφίαν
747 3111 785 3182 οὐ
813 3119 981 3184 διολεῖται.
1025 3120 1136 3184 Sermo
1158 3117 1254 3202 igitur
1275 3125 1324 3184 est
1344 3123 1404 3184 hoc
1427 3118 1502 3184 loco
1526 3119 1562 3184 de

384 3220 569 3308 Republica,
593 3237 675 3305 quae
697 3227 786 3286 curet
806 3241 853 3286 ne
868 3221 1235 3306 intereatpmlosophia.
1280 3223 1426 3288 Profecto
1442 3225 1470 3288 si
1485 3226 1563 3288 baec

385 3347 449 3391 non
469 3321 674 3414 Reipublicae
696 3327 797 3412 gratia
814 3325 1056 3411 explicarentur,
1080 3328 1256 3411 quaesitum
1272 3332 1355 3390 esset
1376 3347 1395 3390 a
1416 3325 1560 3404 Platone,

386 3431 501 3515 quibus
527 3427 712 3496 instituendi
739 3436 843 3494 essent
861 3428 1064 3515 disciplinis,
1100 3431 1154 3514 qui
1170 3431 1342 3513 plc’tosopbt'
1365 3427 1466 3494 sutrrri
1488 3433 1560 3495 sint.

384 3530 427 3599 τὰ
441 3529 511 3621 ’γὰρ
534 3529 574 3614 δὴ
595 3527 725 3619 μεγάλα
746 3528 855 3598 πάντα
870 3533 1047 3624 ἐπισφαλῆ,
1069 3521 1134 3614 καλ,
1157 3528 1395 3619 τὸλεγόμενον,
1417 3529 1462 3598 τὰ
1477 3529 1563 3598 καλὰ

384 3635 431 3727 τῷ
465 3631 535 3703 ὄντι
567 3629 705 3724 χαλεποὶ.
752 3630 855 3702 Ἀλλ’
891 3626 1013 3723 ὅμως,
1056 3635 1149 3726 ἔφη,
1195 3638 1347 3721 λαβέτω
1386 3638 1507 3712 τέλος
1543 3631 1562 3716 ἡ

386 3733 602 3821 ἀπόδειξις
638 3733 793 3806 τούτου
828 3739 1012 3832 φανεροῦ
1047 3741 1281 3826 γενομένου.
1338 3740 1427 3816 Quae
1463 3741 1562 3824 igitur

385 3843 449 3906 iam
480 3845 624 3909 dicentur
653 3863 691 3908 ea
720 3841 840 3908 faciunt
871 3846 911 3908 ad
944 3846 1220 3915 consummandam
1253 3843 1500 3928 disputationem
1529 3847 1562 3908 de

386 3947 613 4028 mapistrotibus
638 3948 837 4031 Reipublicae.
880 3951 959 4012 Nam
989 3947 1083 4034 paulo
1116 3956 1208 4013 antea
1240 3948 1366 4026 dixerat¹
1394 3935 1559 4012 Socrates:

388 4048 488 4115 τοῦτο
521 4049 556 4115 δὲ
588 4044 671 4116 αὐτὸ
701 4047 831 4142 έρῥήθη
860 4057 920 4137 μὲν
947 4056 1002 4116 καὶ
1026 4045 1118 4130 τότε,
1156 4042 1220 4116 ὅτι
1253 4044 1396 4130 δεήσοι
1416 4073 1469 4116 ,τι
1502 4045 1562 4116 dei

388 4153 545 4219 ἐνεῖναι
578 4153 617 4219 ἓν
646 4153 692 4247 τῇ
719 4148 834 4220 πόλει
866 4147 993 4240 λόγον
1022 4152 1113 4241 ἔχον
1142 4153 1213 4235 τῆς
1241 4151 1462 4230 πολιτείας
1490 4150 1562 4218 τὸν

389 4251 527 4338 αὐτὸν,
546 4245 675 4347 ὅνπερ
697 4261 765 4326 καὶ
787 4254 842 4342 οὺ,
865 4251 884 4327 ὁ
906 4259 1151 4344 νομοθέτης,
1173 4254 1273 4344 ἔχων
1293 4252 1387 4334 τοὺς
1407 4251 1562 4346 νόμους
