3298 5232
859 377 1090 447 -150-

383 535 475 616 Quae
507 540 613 600 autem
644 554 792 626 resnou
821 537 897 602 satis
930 537 1087 622 explicata
1111 544 1175 617 est,
1211 543 1288 631 πρὶν
1319 535 1562 623 ταῖπαῖκανιῖς

385 640 578 720 διελέσθαι,
611 661 650 704 ea
679 639 773 704 nobis
804 644 932 724 quidem
963 645 1093 729 proprie
1122 646 1163 709 ad
1198 662 1379 709 sermonem
1405 644 1562 728 pertinere

382 745 520 810 videtur.
542 747 672 810 -Nec
697 743 762 809 alia
780 747 953 810 verborum
981 767 1063 831 quae
1088 746 1152 814 iem
1177 755 1356 833 sequuntur
1381 767 1473 814 meus
1502 754 1560 811 est:

384 837 465 914 ὅσον
479 841 580 932 λόγον
593 841 694 913 πάλιν
709 837 815 937 ὥσπερ
831 847 863 929 ἐξ
878 843 981 936 ἀρχῆς
995 857 1110 918 κινεῖτε
1124 875 1170 916 πε
1180 855 1219 936 pl
1242 851 1313 931 τῆς
1334 848 1562 927 πολιτείας·

383 943 430 1032 ἣν
464 943 511 1028 ὡς
544 945 621 1031 ἤδη
654 947 918 1034 διεληλυθὼς
950 950 1071 1038 ἔγωγε
1102 953 1287 1043 ἔχαιρον,
1320 947 1460 1037 ἀγαπῶν
1491 954 1565 1030 εἴτις

381 1047 476 1121 ἐάσοι
502 1053 609 1122 ταῦτα
638 1048 878 1139 ἀποδεξάμενος
900 1049 943 1132 ὡς
964 1050 1039 1122 τότε
1061 1051 1204 1147 ε’ῤῥήθη.
1249 1058 1297 1120 Ita
1322 1075 1417 1140 quam
1442 1059 1566 1122 orditur

381 1155 538 1225 sermonis
564 1177 638 1244 pars
663 1159 697 1223 in
723 1157 848 1229 civitate
880 1165 1025 1225 versatur
1054 1149 1135 1226 ὅσον
1156 1153 1256 1244 λόγον
1278 1163 1392 1226 κινεῖτε
1413 1165 1488 1249 περὶ
1515 1161 1565 1240 τῆς

382 1261 559 1340 πολιτείας,
583 1268 615 1326 et
638 1283 721 1347 quae
738 1265 838 1328 modo
861 1263 984 1327 dixerat
1004 1283 1023 1326 a
1044 1258 1099 1328 lib.
1122 1264 1163 1330 ΙΙ.
1187 1282 1218 1347 p.
1242 1265 1314 1328 368.
1338 1265 1384 1327 St.
1406 1266 1565 1350 usquead

381 1363 438 1431 lib.
461 1367 516 1431 lv.
539 1387 573 1449 p.
599 1365 673 1430 l27.
705 1367 748 1438 St,
778 1387 817 1430 ea
844 1365 951 1440 omnia
972 1368 1131 1432 civitatem
1164 1369 1351 1450 spectabant
1375 1360 1416 1448 ἣν
1439 1362 1484 1445 ὡς
1508 1363 1565 1448 ἤδη

383 1465 591 1550 διεληλυθὼς
620 1465 718 1553 ἔγωγε
748 1467 889 1556 ἔχαιρον.
917 1504 958 1516 -
990 1472 1085 1547 Quod
1105 1489 1183 1536 vero
1213 1489 1408 1536 sermonum·
1432 1491 1565 1552 examen

385 1593 421 1638 se
447 1569 687 1655 praevidentem
713 1572 859 1638 omisisse
884 1575 1030 1640 Socrates
1056 1573 1143 1650 dicit,
1167 1576 1341 1648 timentem,
1368 1595 1408 1638 ne
1435 1573 1566 1640 multam

384 1673 512 1742 turbam
538 1677 707 1753 excitaret,
734 1675 767 1742 id
792 1679 831 1742 ad
858 1697 1038 1744 sermonem
1063 1677 1194 1763 proprie
1214 1698 1281 1744 non
1300 1680 1464 1764 pertinere
1483 1676 1566 1744 arbi·

382 1777 560 1846 trahimur?
593 1781 686 1856 Vide
701 1799 802 1864 porro
829 1802 933 1868 qnam
951 1781 1064 1848 callide
1096 1780 1146 1846 bis
1175 1771 1256 1846 ίίοον
1278 1776 1377 1866 λόγον
1399 1787 1518 1848 κινεῖτε
1539 1791 1567 1846 et

381 1877 441 1950 criu
469 1884 538 1954 ἴστε
565 1873 645 1950 ὅσον
673 1880 773 1970 ἐσμὸν
802 1881 908 1970 λόγων
936 1886 1110 1971 ἐπεγείρετε
1132 1885 1267 1960 caverit,
1304 1905 1344 1950 ne
1370 1888 1450 1951 haec
1475 1885 1567 1970 longa

381 1985 416 2060 in
440 1985 538 2054 rebus
561 2009 580 2052 a
601 1987 747 2056 simulato
768 1988 885 2074 dialogi
905 1987 967 2054 fine
986 1989 1098 2054 alienis
1119 1990 1327 2054 commoratio
1350 1990 1567 2076 inexspectata

385 2094 507 2156 accidat
526 2088 714 2166 lectoribus,
746 2099 778 2156 et
806 2112 901 2177 quam
925 2091 1099 2178 prudenter
1116 2096 1194 2161 hacc
1224 2091 1269 2157 ita
1294 2093 1503 2166 annexuerit,
1534 2100 1568 2158 ut

382 2201 449 2260 tota
475 2196 583 2279 operis
609 2193 836 2270 conformatio,
868 2217 930 2280 qua
957 2197 1107 2264 iustitiam
1131 2215 1166 2260 se
1192 2215 1348 2280 quaerere
1374 2195 1564 2272 simulabat,

383 2318 449 2366 non
470 2297 662 2370 laederetur,
708 2299 754 2363 cf.
777 2297 912 2364 similem
933 2297 1038 2366 locum
1058 2298 1114 2364 lib.
1137 2301 1176 2364 Il.
1199 2319 1232 2385 p.
1256 2303 1328 2374 376,
1352 2304 1389 2365 D.
1415 2304 1460 2370 St.
1507 2303 1568 2364 Sed

383 2405 613 2482 consideranda
636 2405 730 2468 etiam
750 2409 893 2468 extrema
911 2400 1011 2468 verba
1030 2405 1098 2470 eius
1119 2403 1182 2470 loci
1207 2427 1301 2488 quem
1324 2425 1419 2491 snpra
1442 2405 1569 2491 scripsi-

383 2528 473 2573 mus:
496 2510 618 2592 Aa'ysw
639 2503 691 2587 δὴ,
713 2505 796 2599 ἔφην
818 2501 891 2591 ἐγὼ,
912 2502 976 2595 χρὴ
1000 2501 1165 2576 ἀνάπαλιν
1187 2495 1229 2574 αὖ
1253 2509 1319 2588 νῦν,
1341 2499 1364 2573 ὀί
1385 2531 1467 2576 ποτε
1491 2510 1568 2585 ἴσως

382 2610 454 2678 ἔδει
470 2610 584 2702 ἐφεξῆς
606 2613 721 2696 λέγειν.
752 2603 857 2696 τοίχιι
880 2612 921 2676 δὲ
945 2601 1076 2688 οὕτως
1099 2605 1145 2676 dv
1168 2606 1308 2701 ὀρθῶς
1330 2611 1435 2699 ἔχοι,
1465 2608 1569 2699 μετὰ

383 2708 585 2802 ἀνδρεῖον
613 2713 758 2800 δρᾶμα
788 2714 998 2791 παντελῶς
1028 2715 1316 2800 (διαπερανθὲν
1342 2711 1386 2780 τὸ
1415 2739 1568 2800 γυναι-

382 2822 498 2884 κεῖον
525 2803 574 2882 αὗ
603 2816 840 2904 περαίνειν,
873 2812 1006 2894 ἄλλως
1037 2841 1078 2888 τε
1111 2823 1177 2883 καὶ
1210 2814 1353 2898 ἐπειδὴ
1384 2814 1430 2886 σύ
1466 2809 1567 2886 οὕτω

381 2920 584 3010 προκαλῇ.
629 2921 718 2998 Quae
745 2923 809 2996 iam
835 2922 976 3008 sequitur
1001 2921 1157 2988 sermonis
1181 2943 1256 3006 pars
1282 2924 1316 2986 in
1342 2920 1470 2991 civitate
1495 2945 1569 2989 ver-

380 3031 485 3101 satur,
520 3023 598 3112 quid
624 3026 720 3108 igitur
753 3023 793 3090 de
824 3021 986 3108 prioribus
1015 3024 1234 3101 statuendum,
1274 3047 1372 3111 quum
1402 3029 1568 3114 sequentia

377 3127 489 3216 priore
513 3127 584 3204 loco
614 3127 758 3220 ἑφεξῆς
785 3131 948 3194 tractanda
972 3125 1070 3204 luisse
1096 3129 1196 3195 videri
1216 3131 1360 3215 possiam
1392 3133 1444 3194 Et
1472 3151 1566 3205 vere,
1635 3131 1636 3184 ἒ

382 3234 409 3296 si
434 3234 541 3318 priore
568 3231 640 3298 loco
661 3237 794 3298 tractata
822 3231 964 3306 fuissent,
991 3233 1101 3297 omnis·
1120 3232 1262 3318 quaestio
1290 3235 1329 3296 de
1352 3234 1480 3299 civitate
1501 3254 1566 3300 uno
1635 3273 1636 3282 ι

380 3343 473 3420 atque
502 3338 618 3400 eodem
646 3322 717 3400 loco
732 3334 839 3418 *plene
866 3337 1010 3402 absoluta
1041 3344 1133 3402 esset,
1177 3338 1261 3413 Quid
1287 3343 1393 3404 autem
1421 3335 1567 3402 iudican-

325 3518 334 3540 ·
381 3441 458 3504 dum
485 3440 570 3505 loret
596 3441 635 3503 de
657 3440 763 3524 operis
788 3437 850 3504 line
876 3440 902 3503 si
926 3441 985 3503 ista
1012 3441 1106 3504 etiam
1133 3439 1287 3526 explicata
1309 3447 1434 3516 essent,
1463 3443 1567 3527 prius-

380 3563 475 3629 quam
505 3546 546 3609 ad
576 3545 790 3629 quaerendam
822 3544 973 3608 iustitiam
1004 3565 1038 3608 se
1068 3551 1269 3609 converteret
1294 3546 1417 3609 oratio‘t
1463 3545 1566 3621 Quam

380 3666 496 3731 parum
520 3666 598 3712 vero
619 3667 671 3712 res
694 3666 734 3712 eo
752 3647 987 3724 immutabitur,
1014 3650 1100 3732 quod
1123 3646 1319 3733 explicantur
1344 3645 1407 3712 alio
1436 3649 1566 3732 quidem

379 3748 473 3824 loco,
500 3751 607 3837 addita
635 3757 740 3816 tamen
765 3753 988 3827 excusatione,
1027 3751 1114 3835 quod
1147 3750 1256 3836 priore
1281 3749 1353 3814 loeo
1381 3752 1565 3835 explicanda

380 3853 537 3918 fuissent?
570 3858 615 3920 Ao
635 3875 748 3940 parum
767 3867 853 3919 recte
871 3853 993 3941 cepisse
1012 3856 1097 3919 hunc
1113 3853 1219 3920 locum
1240 3852 1565 3920 Schleiermacberum

381 3963 473 4020 acute
498 3956 578 4025 vidit
603 3957 836 4024 Schneiderus:
864 3961 1001 4043 «Neque
1021 3977 1100 4024 vero
1123 3959 1207 4023 serio
1230 3961 1311 4022 hanc
1331 3977 1439 4022 rerum
1460 3955 1565 4044 dispo-

377 4060 526 4125 sitionem
547 4059 731 4143 vituperare
754 4063 980 4128 existimandus
1007 4069 1055 4126 est
1077 4064 1234 4136 Socrates,
1262 4062 1378 4127 nedum
1405 4063 1450 4138 id,
1479 4064 1565 4146 quod

378 4164 531 4230 continuo
558 4166 645 4228 addit
669 4160 770 4254 (τιίχα
792 4160 828 4230 δὲ
851 4169 924 4244 etc.)
947 4185 1018 4230 cum
1040 4163 1331 4230 Schleiermachero
1351 4183 1416 4229 non
1438 4164 1564 4230 adeius

380 4266 636 4346 excusationem,
669 4271 727 4335 sed
754 4272 794 4336 ad
822 4271 1103 4356 reprehensionem
1132 4269 1292 4353 pertinere
1319 4267 1560 4341 statuendum.»
