<?xml version="1.0" encoding="UTF-8"?>
<!DOCTYPE html PUBLIC "-//W3C//DTD XHTML 1.0 Transitional//EN"
    "http://www.w3.org/TR/xhtml1/DTD/xhtml1-transitional.dtd">
<html xmlns="http://www.w3.org/1999/xhtml" xml:lang="en" lang="en">
 <head>
  <title>
</title>
<meta http-equiv="Content-Type" content="text/html;charset=utf-8" />
  <meta name='ocr-system' content='tesseract 3.04.00' />
  <meta name='ocr-capabilities' content='ocr_page ocr_carea ocr_par ocr_line ocrx_word'/>
</head>
<body>
  <div class='ocr_page' id='page_1' title='image "./prolegomenaadpl00rettgoog_0315.png"; bbox 0 0 3296 5232; ppageno 0'>
   <div class='ocr_carea' id='block_1_1' title="bbox 862 395 1098 464">
    <p class='ocr_par' dir='ltr' id='par_1_1' title="bbox 862 395 1098 464">
     <span class='ocr_line' id='line_1_1' title="bbox 862 395 1098 464; baseline -0.064 1"><span class='ocrx_word' id='word_1_1' title='bbox 862 395 1098 464; x_wconf 66' lang='lat' dir='ltr'>-we-</span> 
     </span>
    </p>
   </div>
   <div class='ocr_carea' id='block_1_2' title="bbox 307 552 1637 3652">
    <p class='ocr_par' dir='ltr' id='par_1_2' title="bbox 307 552 1637 3652">
     <span class='ocr_line' id='line_1_2' title="bbox 384 552 1571 642; baseline 0.003 -20"><span class='ocrx_word' id='word_1_2' title='bbox 384 558 601 642; x_wconf 71' lang='lat' dir='ltr'>carioremque</span> <span class='ocrx_word' id='word_1_3' title='bbox 615 575 819 622; x_wconf 80' lang='lat' dir='ltr'>numerorum</span> <span class='ocrx_word' id='word_1_4' title='bbox 833 554 1046 640; x_wconf 68' lang='lat' dir='ltr'>coguitionem</span> <span class='ocrx_word' id='word_1_5' title='bbox 1061 552 1272 623; x_wconf 74' lang='lat' dir='ltr'>accenderet?</span> <span class='ocrx_word' id='word_1_6' title='bbox 1292 557 1372 634; x_wconf 82' lang='lat' dir='ltr'><strong><em>Nam</em></strong></span> <span class='ocrx_word' id='word_1_7' title='bbox 1386 561 1422 625; x_wconf 80' lang='lat' dir='ltr'><strong><em>ut</em></strong></span> <span class='ocrx_word' id='word_1_8' title='bbox 1436 563 1571 634; x_wconf 81' lang='lat' dir='ltr'>luceam,</span> 
     </span>
     <span class='ocr_line' id='line_1_3' title="bbox 384 657 1574 745; baseline 0.002 -19"><span class='ocrx_word' id='word_1_9' title='bbox 384 663 470 744; x_wconf 82' lang='lat' dir='ltr'>quud</span> <span class='ocrx_word' id='word_1_10' title='bbox 497 661 716 726; x_wconf 81' lang='lat' dir='ltr'>mathematica</span> <span class='ocrx_word' id='word_1_11' title='bbox 737 657 840 726; x_wconf 85' lang='lat' dir='ltr'>studia</span> <span class='ocrx_word' id='word_1_12' title='bbox 861 661 936 726; x_wconf 87' lang='lat' dir='ltr'>satis</span> <span class='ocrx_word' id='word_1_13' title='bbox 962 659 1025 726; x_wconf 86' lang='lat' dir='ltr'><strong><em>iam</em></strong></span> <span class='ocrx_word' id='word_1_14' title='bbox 1054 662 1333 730; x_wconf 74' lang='lat' dir='ltr'>commendaverat</span> <span class='ocrx_word' id='word_1_15' title='bbox 1358 659 1574 745; x_wconf 77' lang='lat' dir='ltr'>philosophus</span> 
     </span>
     <span class='ocr_line' id='line_1_4' title="bbox 384 762 1571 850; baseline 0.001 -21"><span class='ocrx_word' id='word_1_16' title='bbox 384 762 468 831; x_wconf 86' lang='lat' dir='ltr'>libro</span> <span class='ocrx_word' id='word_1_17' title='bbox 486 766 560 841; x_wconf 88' lang='lat' dir='ltr'>VII,</span> <span class='ocrx_word' id='word_1_18' title='bbox 584 787 617 848; x_wconf 89' lang='lat' dir='ltr'><strong><em>p,</em></strong></span> <span class='ocrx_word' id='word_1_19' title='bbox 631 767 711 840; x_wconf 74' lang='lat'><strong>522,</strong></span> <span class='ocrx_word' id='word_1_20' title='bbox 734 768 768 830; x_wconf 87' lang='lat' dir='ltr'><strong><em>B.</em></strong></span> <span class='ocrx_word' id='word_1_21' title='bbox 792 781 876 849; x_wconf 84' lang='lat' dir='ltr'>sqq.;</span> <span class='ocrx_word' id='word_1_22' title='bbox 905 765 995 848; x_wconf 85' lang='lat' dir='ltr'>quod</span> <span class='ocrx_word' id='word_1_23' title='bbox 1017 762 1181 848; x_wconf 77' lang='lat' dir='ltr'>iudignum</span> <span class='ocrx_word' id='word_1_24' title='bbox 1204 762 1289 830; x_wconf 85' lang='lat' dir='ltr'>leret</span> <span class='ocrx_word' id='word_1_25' title='bbox 1312 764 1518 850; x_wconf 73' lang='lat' dir='ltr'>philosophe</span> <span class='ocrx_word' id='word_1_26' title='bbox 1540 773 1571 831; x_wconf 89' lang='lat' dir='ltr'>et</span> 
     </span>
     <span class='ocr_line' id='line_1_5' title="bbox 383 864 1574 952; baseline 0 -18"><span class='ocrx_word' id='word_1_27' title='bbox 383 870 434 934; x_wconf 88' lang='lat' dir='ltr'>rei</span> <span class='ocrx_word' id='word_1_28' title='bbox 454 871 626 952; x_wconf 74' lang='lat' dir='ltr'>gravitate,</span> <span class='ocrx_word' id='word_1_29' title='bbox 653 867 680 933; x_wconf 85' lang='lat' dir='ltr'><strong><em>si</em></strong></span> <span class='ocrx_word' id='word_1_30' title='bbox 710 866 788 934; x_wconf 85' lang='lat' dir='ltr'><strong>nihil</strong></span> <span class='ocrx_word' id='word_1_31' title='bbox 810 866 928 934; x_wconf 89' lang='lat' dir='ltr'>serium</span> <span class='ocrx_word' id='word_1_32' title='bbox 956 869 1006 932; x_wconf 84' lang='lat' dir='ltr'><strong><em>his</em></strong></span> <span class='ocrx_word' id='word_1_33' title='bbox 1031 864 1161 934; x_wconf 79' lang='lat' dir='ltr'>subesse</span> <span class='ocrx_word' id='word_1_34' title='bbox 1188 874 1359 944; x_wconf 70' lang='lat' dir='ltr'>statuatur,</span> <span class='ocrx_word' id='word_1_35' title='bbox 1388 870 1480 952; x_wconf 86' lang='lat' dir='ltr'>quod</span> <span class='ocrx_word' id='word_1_36' title='bbox 1508 877 1574 934; x_wconf 86' lang='lat' dir='ltr'><strong><em>tum</em></strong></span> 
     </span>
     <span class='ocr_line' id='line_1_6' title="bbox 384 969 1575 1059; baseline 0.003 -23"><span class='ocrx_word' id='word_1_37' title='bbox 384 975 464 1038; x_wconf 86' lang='lat' dir='ltr'>haec</span> <span class='ocrx_word' id='word_1_38' title='bbox 484 993 539 1038; x_wconf 88' lang='lat' dir='ltr'>res</span> <span class='ocrx_word' id='word_1_39' title='bbox 558 971 658 1057; x_wconf 80' lang='lat' dir='ltr'>magis</span> <span class='ocrx_word' id='word_1_40' title='bbox 682 975 845 1038; x_wconf 73' lang='lat' dir='ltr'>deterrere</span> <span class='ocrx_word' id='word_1_41' title='bbox 871 971 1026 1057; x_wconf 86' lang='lat' dir='ltr'>potuisset</span> <span class='ocrx_word' id='word_1_42' title='bbox 1039 991 1058 1038; x_wconf 87' lang='lat' dir='ltr'>a</span> <span class='ocrx_word' id='word_1_43' title='bbox 1072 969 1300 1040; x_wconf 76' lang='lat' dir='ltr'>mathematicis</span> <span class='ocrx_word' id='word_1_44' title='bbox 1321 971 1453 1047; x_wconf 86' lang='lat' dir='ltr'>studiis,</span> <span class='ocrx_word' id='word_1_45' title='bbox 1478 993 1575 1059; x_wconf 85' lang='lat' dir='ltr'>quam</span> 
     </span>
     <span class='ocr_line' id='line_1_7' title="bbox 307 1073 1570 1154; baseline 0.002 -14"><span class='ocrx_word' id='word_1_46' title='bbox 307 1125 309 1130; x_wconf 87' lang='lat'><em>.</em></span> <span class='ocrx_word' id='word_1_47' title='bbox 382 1075 528 1154; x_wconf 58' lang='grc' dir='ltr'><strong><em>βλίττεις</em></strong></span> <span class='ocrx_word' id='word_1_48' title='bbox 556 1097 650 1142; x_wconf 75' lang='grc' dir='ltr'><strong><em>εοεαε</em></strong></span> <span class='ocrx_word' id='word_1_49' title='bbox 675 1073 850 1141; x_wconf 85' lang='lat' dir='ltr'>Hermcuui</span> <span class='ocrx_word' id='word_1_50' title='bbox 874 1081 1087 1142; x_wconf 84' lang='lat' dir='ltr'>commentum</span> <span class='ocrx_word' id='word_1_51' title='bbox 1111 1073 1267 1143; x_wconf 84' lang='lat' dir='ltr'>refellitur</span> <span class='ocrx_word' id='word_1_52' title='bbox 1292 1095 1357 1140; x_wconf 87' lang='lat' dir='ltr'><strong><em>unu</em></strong></span> <span class='ocrx_word' id='word_1_53' title='bbox 1382 1074 1570 1142; x_wconf 81' lang='lat' dir='ltr'>Aristotelis</span> 
     </span>
     <span class='ocr_line' id='line_1_8' title="bbox 383 1176 1573 1266; baseline 0.001 -23"><span class='ocrx_word' id='word_1_54' title='bbox 383 1180 577 1259; x_wconf 80' lang='lat' dir='ltr'>testimonie,</span> <span class='ocrx_word' id='word_1_55' title='bbox 600 1180 655 1266; x_wconf 90' lang='lat' dir='ltr'><strong><em>qui</em></strong></span> <span class='ocrx_word' id='word_1_56' title='bbox 675 1182 739 1246; x_wconf 90' lang='lat' dir='ltr'><strong><em>duc</em></strong></span> <span class='ocrx_word' id='word_1_57' title='bbox 754 1182 815 1246; x_wconf 90' lang='lat' dir='ltr'><strong><em>hcc</em></strong></span> <span class='ocrx_word' id='word_1_58' title='bbox 834 1177 906 1246; x_wconf 84' lang='lat' dir='ltr'>loco</span> <span class='ocrx_word' id='word_1_59' title='bbox 928 1177 1061 1246; x_wconf 84' lang='lat' dir='ltr'>iudicatu</span> <span class='ocrx_word' id='word_1_60' title='bbox 1086 1198 1155 1246; x_wconf 85' lang='lat' dir='ltr'>csse</span> <span class='ocrx_word' id='word_1_61' title='bbox 1175 1176 1289 1254; x_wconf 75' lang='lat' dir='ltr'>dccet,</span> <span class='ocrx_word' id='word_1_62' title='bbox 1309 1199 1437 1246; x_wconf 82' lang='lat' dir='ltr'>causam</span> <span class='ocrx_word' id='word_1_63' title='bbox 1460 1181 1573 1246; x_wconf 89' lang='lat' dir='ltr'>interi-</span> 
     </span>
     <span class='ocr_line' id='line_1_9' title="bbox 383 1281 1574 1370; baseline 0 -20"><span class='ocrx_word' id='word_1_64' title='bbox 383 1292 433 1350; x_wconf 83' lang='lat' dir='ltr'><strong><em>tus</em></strong></span> <span class='ocrx_word' id='word_1_65' title='bbox 463 1282 598 1349; x_wconf 83' lang='lat' dir='ltr'>civitatis</span> <span class='ocrx_word' id='word_1_66' title='bbox 620 1281 778 1370; x_wconf 84' lang='lat' dir='ltr'>perlectae</span> <span class='ocrx_word' id='word_1_67' title='bbox 809 1289 842 1348; x_wconf 89' lang='lat' dir='ltr'>et</span> <span class='ocrx_word' id='word_1_68' title='bbox 873 1292 1002 1366; x_wconf 74' lang='lat' dir='ltr'>tempus,-</span> <span class='ocrx_word' id='word_1_69' title='bbox 1034 1289 1067 1347; x_wconf 87' lang='lat' dir='ltr'>et</span> <span class='ocrx_word' id='word_1_70' title='bbox 1091 1283 1153 1348; x_wconf 84' lang='lat' dir='ltr'><strong><em>hoc</em></strong></span> <span class='ocrx_word' id='word_1_71' title='bbox 1179 1289 1242 1358; x_wconf 84' lang='lat' dir='ltr'>est,</span> <span class='ocrx_word' id='word_1_72' title='bbox 1271 1284 1312 1349; x_wconf 85' lang='lat' dir='ltr'><strong><em>ad</em></strong></span> <span class='ocrx_word' id='word_1_73' title='bbox 1330 1285 1425 1367; x_wconf 66' lang='lat' dir='ltr'>,qued</span> <span class='ocrx_word' id='word_1_74' title='bbox 1452 1282 1489 1348; x_wconf 90' lang='lat' dir='ltr'><strong><em>iu</em></strong></span> <span class='ocrx_word' id='word_1_75' title='bbox 1518 1305 1574 1350; x_wconf 82' lang='lat' dir='ltr'>ex-</span> 
     </span>
     <span class='ocr_line' id='line_1_10' title="bbox 382 1384 1569 1471; baseline -0.002 -17"><span class='ocrx_word' id='word_1_76' title='bbox 382 1386 532 1471; x_wconf 79' lang='lat' dir='ltr'>plicando</span> <span class='ocrx_word' id='word_1_77' title='bbox 550 1407 687 1454; x_wconf 84' lang='lat' dir='ltr'>numere</span> <span class='ocrx_word' id='word_1_78' title='bbox 708 1394 780 1452; x_wconf 86' lang='lat' dir='ltr'>aute</span> <span class='ocrx_word' id='word_1_79' title='bbox 805 1385 910 1452; x_wconf 85' lang='lat' dir='ltr'>cmuie</span> <span class='ocrx_word' id='word_1_80' title='bbox 931 1387 1156 1454; x_wconf 84' lang='lat' dir='ltr'>attendendum</span> <span class='ocrx_word' id='word_1_81' title='bbox 1168 1387 1306 1460; x_wconf 76' lang='lat' dir='ltr'>videtur.</span> <span class='ocrx_word' id='word_1_82' title='bbox 1330 1384 1380 1450; x_wconf 87' lang='lat' dir='ltr'><strong><em>Gi.</em></strong></span> <span class='ocrx_word' id='word_1_83' title='bbox 1397 1386 1569 1456; x_wconf 74' lang='lat' dir='ltr'>Aristotel.</span> 
     </span>
     <span class='ocr_line' id='line_1_11' title="bbox 383 1485 1570 1583; baseline 0.003 -27"><span class='ocrx_word' id='word_1_84' title='bbox 383 1491 450 1576; x_wconf 82' lang='lat' dir='ltr'>pol,</span> <span class='ocrx_word' id='word_1_85' title='bbox 465 1491 522 1556; x_wconf 88' lang='lat' dir='ltr'>lib.</span> <span class='ocrx_word' id='word_1_86' title='bbox 538 1495 578 1562; x_wconf 87' lang='lat' dir='ltr'><strong><em>V.</em></strong></span> <span class='ocrx_word' id='word_1_87' title='bbox 591 1511 618 1556; x_wconf 91' lang='lat' dir='ltr'><strong><em>c.</em></strong></span> <span class='ocrx_word' id='word_1_88' title='bbox 632 1494 694 1568; x_wconf 65' lang='lat' dir='ltr'><strong><em>X„</em></strong></span> <span class='ocrx_word' id='word_1_89' title='bbox 711 1489 774 1555; x_wconf 86' lang='lat' dir='ltr'>vol.</span> <span class='ocrx_word' id='word_1_90' title='bbox 791 1492 831 1554; x_wconf 90' lang='lat'><strong><em>11.</em></strong></span> <span class='ocrx_word' id='word_1_91' title='bbox 847 1509 879 1576; x_wconf 81' lang='lat' dir='ltr'><strong><em>p.</em></strong></span> <span class='ocrx_word' id='word_1_92' title='bbox 898 1492 988 1556; x_wconf 79' lang='lat' dir='ltr'>tatu.</span> <span class='ocrx_word' id='word_1_93' title='bbox 1004 1492 1170 1562; x_wconf 54' lang='lat' dir='ltr'>etlslicltk·</span> <span class='ocrx_word' id='word_1_94' title='bbox 1209 1485 1271 1558; x_wconf 73' lang='grc' dir='ltr'><strong><em>Ἕν</em></strong></span> <span class='ocrx_word' id='word_1_95' title='bbox 1293 1491 1328 1556; x_wconf 79' lang='grc' dir='ltr'><strong><em>δέ</em></strong></span> <span class='ocrx_word' id='word_1_96' title='bbox 1351 1490 1391 1583; x_wconf 68' lang='grc' dir='ltr'><strong><em>τῇ</em></strong></span> <span class='ocrx_word' id='word_1_97' title='bbox 1413 1494 1570 1583; x_wconf 81' lang='grc' dir='ltr'><strong><em>πολιτείρ</em></strong></span> 
     </span>
     <span class='ocr_line' id='line_1_12' title="bbox 383 1587 1570 1684; baseline 0.001 -24"><span class='ocrx_word' id='word_1_98' title='bbox 383 1598 511 1680; x_wconf 86' lang='grc' dir='ltr'><strong><em>λέγεται</em></strong></span> <span class='ocrx_word' id='word_1_99' title='bbox 532 1601 592 1681; x_wconf 75' lang='grc' dir='ltr'><strong><em>μὲν</em></strong></span> <span class='ocrx_word' id='word_1_100' title='bbox 611 1599 684 1684; x_wconf 81' lang='grc' dir='ltr'><strong><em>περὶ</em></strong></span> <span class='ocrx_word' id='word_1_101' title='bbox 707 1594 771 1662; x_wconf 83' lang='grc' dir='ltr'><strong><em>τῶν</em></strong></span> <span class='ocrx_word' id='word_1_102' title='bbox 790 1594 982 1681; x_wconf 79' lang='grc' dir='ltr'><em>μεταβολῶν</em></span> <span class='ocrx_word' id='word_1_103' title='bbox 1003 1588 1067 1663; x_wconf 82' lang='grc' dir='ltr'><strong><em>ὑπὸ</em></strong></span> <span class='ocrx_word' id='word_1_104' title='bbox 1091 1594 1152 1660; x_wconf 71' lang='grc' dir='ltr'><strong><em>τοῦ</em></strong></span> <span class='ocrx_word' id='word_1_105' title='bbox 1172 1587 1400 1680; x_wconf 74' lang='grc' dir='ltr'><strong><em>Σωκράτους,</em></strong></span> <span class='ocrx_word' id='word_1_106' title='bbox 1427 1589 1470 1660; x_wconf 82' lang='grc' dir='ltr'><strong><em>οὐ</em></strong></span> <span class='ocrx_word' id='word_1_107' title='bbox 1494 1598 1570 1680; x_wconf 90' lang='grc' dir='ltr'><strong><em>μέν-</em></strong></span> 
     </span>
     <span class='ocr_line' id='line_1_13' title="bbox 383 1692 1570 1786; baseline 0 -22"><span class='ocrx_word' id='word_1_108' title='bbox 383 1722 435 1764; x_wconf 88' lang='grc' dir='ltr'><strong><em>τοι</em></strong></span> <span class='ocrx_word' id='word_1_109' title='bbox 462 1701 589 1784; x_wconf 86' lang='grc' dir='ltr'><strong><em>λέγεται</em></strong></span> <span class='ocrx_word' id='word_1_110' title='bbox 617 1698 734 1775; x_wconf 79' lang='grc' dir='ltr'><strong><em>καλῶς·</em></strong></span> <span class='ocrx_word' id='word_1_111' title='bbox 765 1697 822 1778; x_wconf 83' lang='grc' dir='ltr'><strong><em>τῆς</em></strong></span> <span class='ocrx_word' id='word_1_112' title='bbox 853 1721 886 1764; x_wconf 87' lang='grc' dir='ltr'><strong><em>τε</em></strong></span> <span class='ocrx_word' id='word_1_113' title='bbox 912 1692 976 1785; x_wconf 83' lang='grc' dir='ltr'><strong><em>γάρ</em></strong></span> <span class='ocrx_word' id='word_1_114' title='bbox 1003 1692 1134 1786; x_wconf 66' lang='grc' dir='ltr'><strong><em>οίρίςηςἱ</em></strong></span> <span class='ocrx_word' id='word_1_115' title='bbox 1150 1696 1318 1774; x_wconf 82' lang='grc' dir='ltr'><strong><em>πολιτείας</em></strong></span> <span class='ocrx_word' id='word_1_116' title='bbox 1346 1701 1402 1766; x_wconf 78' lang='grc' dir='ltr'><strong><em>καλ</em></strong></span> <span class='ocrx_word' id='word_1_117' title='bbox 1433 1693 1570 1786; x_wconf 84' lang='grc' dir='ltr'><strong><em>πρώτης</em></strong></span> 
     </span>
     <span class='ocr_line' id='line_1_14' title="bbox 382 1790 1570 1889; baseline 0 -21"><span class='ocrx_word' id='word_1_118' title='bbox 382 1797 483 1883; x_wconf 78' lang='grc' dir='ltr'><strong><em>οὔσης</em></strong></span> <span class='ocrx_word' id='word_1_119' title='bbox 506 1797 544 1868; x_wconf 80' lang='grc' dir='ltr'><strong><em>οὐ</em></strong></span> <span class='ocrx_word' id='word_1_120' title='bbox 566 1803 649 1888; x_wconf 87' lang='grc' dir='ltr'><strong><em>λέγει</em></strong></span> <span class='ocrx_word' id='word_1_121' title='bbox 673 1797 732 1882; x_wconf 82' lang='grc' dir='ltr'><strong><em>τὴν</em></strong></span> <span class='ocrx_word' id='word_1_122' title='bbox 752 1796 939 1887; x_wconf 83' lang='grc' dir='ltr'><strong><em>μεταβολὴν</em></strong></span> <span class='ocrx_word' id='word_1_123' title='bbox 960 1795 1059 1879; x_wconf 78' lang='grc' dir='ltr'><strong><em>ἰδίως.</em></strong></span> <span class='ocrx_word' id='word_1_124' title='bbox 1098 1801 1186 1881; x_wconf 80' lang='grc' dir='ltr'>Φησὶ</span> <span class='ocrx_word' id='word_1_125' title='bbox 1203 1795 1269 1889; x_wconf 85' lang='grc' dir='ltr'><strong><em>γάρ</em></strong></span> <span class='ocrx_word' id='word_1_126' title='bbox 1292 1800 1401 1866; x_wconf 86' lang='grc' dir='ltr'><strong><em>αἴτιον</em></strong></span> <span class='ocrx_word' id='word_1_127' title='bbox 1424 1790 1519 1868; x_wconf 86' lang='grc' dir='ltr'><strong><em>εἶναι</em></strong></span> <span class='ocrx_word' id='word_1_128' title='bbox 1537 1799 1570 1868; x_wconf 83' lang='grc' dir='ltr'><strong><em>τὸ</em></strong></span> 
     </span>
     <span class='ocr_line' id='line_1_15' title="bbox 381 1897 1570 1994; baseline -0.002 -22"><span class='ocrx_word' id='word_1_129' title='bbox 381 1901 427 1993; x_wconf 80' lang='grc' dir='ltr'><strong><em>μὴ</em></strong></span> <span class='ocrx_word' id='word_1_130' title='bbox 444 1908 551 1993; x_wconf 86' lang='grc' dir='ltr'><strong><em>μένειν</em></strong></span> <span class='ocrx_word' id='word_1_131' title='bbox 570 1907 702 1992; x_wconf 76' lang='grc' dir='ltr'><strong><em>μηθέν,</em></strong></span> <span class='ocrx_word' id='word_1_132' title='bbox 731 1897 800 1970; x_wconf 78' lang='grc' dir='ltr'><strong><em>ἀλλ’</em></strong></span> <span class='ocrx_word' id='word_1_133' title='bbox 831 1904 865 1969; x_wconf 86' lang='grc' dir='ltr'><strong><em>έν</em></strong></span> <span class='ocrx_word' id='word_1_134' title='bbox 886 1906 952 1970; x_wconf 89' lang='grc' dir='ltr'><strong><em>τινι</em></strong></span> <span class='ocrx_word' id='word_1_135' title='bbox 970 1898 1113 1994; x_wconf 75' lang='grc' dir='ltr'><strong><em>περιόδῳ</em></strong></span> <span class='ocrx_word' id='word_1_136' title='bbox 1140 1897 1377 1989; x_wconf 77' lang='grc' dir='ltr'><strong><em>μεταβάλλειν,</em></strong></span> <span class='ocrx_word' id='word_1_137' title='bbox 1407 1898 1570 1994; x_wconf 78' lang='grc' dir='ltr'><strong><em>άργὴνδ</em></strong></span> 
     </span>
     <span class='ocr_line' id='line_1_16' title="bbox 382 1997 1573 2128; baseline -0.001 -53"><span class='ocrx_word' id='word_1_138' title='bbox 382 1999 466 2076; x_wconf 84' lang='grc' dir='ltr'><strong><em>εἶναι</em></strong></span> <span class='ocrx_word' id='word_1_139' title='bbox 488 2003 628 2089; x_wconf 81' lang='grc' dir='ltr'><strong><em>τούτων,</em></strong></span> <span class='ocrx_word' id='word_1_140' title='bbox 661 1997 704 2074; x_wconf 88' lang='grc' dir='ltr'><strong><em>ὧν</em></strong></span> <span class='ocrx_word' id='word_1_141' title='bbox 725 2006 889 2097; x_wconf 79' lang='grc' dir='ltr'><strong><em>ἐπίτριτος</em></strong></span> <span class='ocrx_word' id='word_1_142' title='bbox 905 2002 1051 2128; x_wconf 76' lang='grc' dir='ltr'><strong><em>μυθμὴν</em></strong></span> <span class='ocrx_word' id='word_1_143' title='bbox 1081 1997 1228 2093; x_wconf 84' lang='grc' dir='ltr'><strong><em>πεμπάδι</em></strong></span> <span class='ocrx_word' id='word_1_144' title='bbox 1249 2009 1400 2092; x_wconf 72' lang='grc' dir='ltr'><strong><em>συζυγεὶς</em></strong></span> <span class='ocrx_word' id='word_1_145' title='bbox 1423 2003 1537 2076; x_wconf 85' lang='grc' dir='ltr'><strong><em>δύο</em></strong></span> <span class='ocrx_word' id='word_1_146' title='bbox 1516 2034 1573 2100; x_wconf 90' lang='grc' dir='ltr'><strong><em>αρ-</em></strong></span> 
     </span>
     <span class='ocr_line' id='line_1_17' title="bbox 380 2099 1570 2200; baseline 0 -22"><span class='ocrx_word' id='word_1_147' title='bbox 380 2113 498 2198; x_wconf 87' lang='grc' dir='ltr'><strong><em>μονίας</em></strong></span> <span class='ocrx_word' id='word_1_148' title='bbox 526 2114 720 2198; x_wconf 82' lang='grc' dir='ltr'><strong><em>παρέχεται,</em></strong></span> <span class='ocrx_word' id='word_1_149' title='bbox 749 2113 866 2194; x_wconf 79' lang='grc' dir='ltr'><strong><em>λέγων,</em></strong></span> <span class='ocrx_word' id='word_1_150' title='bbox 892 2099 974 2176; x_wconf 82' lang='grc' dir='ltr'><strong><em>ὅταν</em></strong></span> <span class='ocrx_word' id='word_1_151' title='bbox 1004 2103 1105 2177; x_wconf 80' lang='grc' dir='ltr'><strong><em>ὁτοῦ</em></strong></span> <span class='ocrx_word' id='word_1_152' title='bbox 1128 2104 1383 2199; x_wconf 82' lang='grc' dir='ltr'><strong><em>διαγράμματος</em></strong></span> <span class='ocrx_word' id='word_1_153' title='bbox 1410 2105 1570 2200; x_wconf 75' lang='grc' dir='ltr'><strong><em>ἀριθμὸς</em></strong></span> 
     </span>
     <span class='ocr_line' id='line_1_18' title="bbox 386 2206 1573 2336; baseline 0.002 -56"><span class='ocrx_word' id='word_1_154' title='bbox 386 2209 506 2282; x_wconf 84' lang='grc' dir='ltr'><strong><em>τούτου</em></strong></span> <span class='ocrx_word' id='word_1_155' title='bbox 527 2218 659 2336; x_wconf 82' lang='grc' dir='ltr'><strong><em>γένηται</em></strong></span> <span class='ocrx_word' id='word_1_156' title='bbox 682 2209 809 2302; x_wconf 84' lang='grc' dir='ltr'><strong><em>ςερεὸς,</em></strong></span> <span class='ocrx_word' id='word_1_157' title='bbox 839 2207 881 2289; x_wconf 80' lang='grc' dir='ltr'><strong><em>ὡς</em></strong></span> <span class='ocrx_word' id='word_1_158' title='bbox 902 2213 960 2294; x_wconf 74' lang='grc' dir='ltr'><strong><em>τῆς</em></strong></span> <span class='ocrx_word' id='word_1_159' title='bbox 982 2206 1113 2301; x_wconf 80' lang='grc' dir='ltr'><strong><em>φύσεώς</em></strong></span> <span class='ocrx_word' id='word_1_160' title='bbox 1139 2237 1225 2288; x_wconf 84' lang='grc' dir='ltr'><strong><em>ποτε</em></strong></span> <span class='ocrx_word' id='word_1_161' title='bbox 1241 2207 1410 2333; x_wconf 69' lang='grc' dir='ltr'><strong><em>φερούσης</em></strong></span> <span class='ocrx_word' id='word_1_162' title='bbox 1417 2210 1573 2306; x_wconf 76' lang='grc' dir='ltr'><strong><em>φαύλους</em></strong></span> 
     </span>
     <span class='ocr_line' id='line_1_19' title="bbox 382 2302 1570 2408; baseline 0 -24"><span class='ocrx_word' id='word_1_163' title='bbox 382 2323 438 2385; x_wconf 80' lang='grc' dir='ltr'><strong><em>καὶ</em></strong></span> <span class='ocrx_word' id='word_1_164' title='bbox 464 2319 631 2408; x_wconf 75' lang='grc' dir='ltr'><strong><em>κρείττους</em></strong></span> <span class='ocrx_word' id='word_1_165' title='bbox 659 2317 717 2399; x_wconf 76' lang='grc' dir='ltr'><strong><em>τῆς</em></strong></span> <span class='ocrx_word' id='word_1_166' title='bbox 746 2316 906 2394; x_wconf 86' lang='grc' dir='ltr'><strong><em>παιδείας.</em></strong></span> <span class='ocrx_word' id='word_1_167' title='bbox 940 2339 1039 2383; x_wconf 89' lang='grc' dir='ltr'><strong><em>τουτο</em></strong></span> <span class='ocrx_word' id='word_1_168' title='bbox 1066 2323 1127 2403; x_wconf 84' lang='grc' dir='ltr'><strong><em>μέν</em></strong></span> <span class='ocrx_word' id='word_1_169' title='bbox 1154 2302 1215 2384; x_wconf 80' lang='grc' dir='ltr'><strong><em>οὖν</em></strong></span> <span class='ocrx_word' id='word_1_170' title='bbox 1243 2311 1327 2385; x_wconf 83' lang='grc' dir='ltr'><strong><em>αὐτὸ</em></strong></span> <span class='ocrx_word' id='word_1_171' title='bbox 1359 2318 1515 2402; x_wconf 80' lang='grc' dir='ltr'><strong><em>λέγων”</em></strong></span> <span class='ocrx_word' id='word_1_172' title='bbox 1495 2342 1570 2396; x_wconf 71' lang='lat' dir='ltr'>acue</span> 
     </span>
     <span class='ocr_line' id='line_1_20' title="bbox 381 2409 1572 2509; baseline -0.002 -19"><span class='ocrx_word' id='word_1_173' title='bbox 381 2419 420 2490; x_wconf 80' lang='lat' dir='ltr'><strong><em>cai</em></strong></span> <span class='ocrx_word' id='word_1_174' title='bbox 442 2423 558 2500; x_wconf 81' lang='grc' dir='ltr'><strong><em>κακῶς·</em></strong></span> <span class='ocrx_word' id='word_1_175' title='bbox 579 2423 739 2508; x_wconf 76' lang='grc' dir='ltr'><strong><em>ἐνδέχεται</em></strong></span> <span class='ocrx_word' id='word_1_176' title='bbox 761 2415 825 2509; x_wconf 85' lang='grc' dir='ltr'><strong><em>γάρ</em></strong></span> <span class='ocrx_word' id='word_1_177' title='bbox 848 2409 931 2488; x_wconf 85' lang='grc' dir='ltr'><strong><em>εἶναί</em></strong></span> <span class='ocrx_word' id='word_1_178' title='bbox 953 2443 1061 2500; x_wconf 87' lang='grc' dir='ltr'><strong><em>τινας,</em></strong></span> <span class='ocrx_word' id='word_1_179' title='bbox 1089 2444 1148 2498; x_wconf 86' lang='grc' dir='ltr'><strong><em>ους</em></strong></span> <span class='ocrx_word' id='word_1_180' title='bbox 1168 2420 1401 2502; x_wconf 73' lang='grc' dir='ltr'><strong><em>παιδευθῆναι</em></strong></span> <span class='ocrx_word' id='word_1_181' title='bbox 1436 2427 1500 2488; x_wconf 79' lang='grc' dir='ltr'><strong><em>καλ</em></strong></span> <span class='ocrx_word' id='word_1_182' title='bbox 1524 2447 1572 2506; x_wconf 89' lang='grc' dir='ltr'><strong><em>γε·</em></strong></span> 
     </span>
     <span class='ocr_line' id='line_1_21' title="bbox 380 2518 1572 2611; baseline -0.002 -17"><span class='ocrx_word' id='word_1_183' title='bbox 380 2530 506 2594; x_wconf 66' lang='lat' dir='ltr'>escum</span> <span class='ocrx_word' id='word_1_184' title='bbox 518 2518 1032 2610; x_wconf 83' lang='grc' dir='ltr'><strong><em>σπουδαίουςάυδραςάδύνατον</em></strong></span> <span class='ocrx_word' id='word_1_185' title='bbox 1043 2519 1116 2591; x_wconf 75' lang='grc' dir='ltr'><strong><em>ἀλλ’</em></strong></span> <span class='ocrx_word' id='word_1_186' title='bbox 1126 2547 1211 2604; x_wconf 82' lang='grc' dir='ltr'><strong><em>αντη</em></strong></span> <span class='ocrx_word' id='word_1_187' title='bbox 1222 2547 1253 2588; x_wconf 89' lang='grc' dir='ltr'><strong><em>τι</em></strong></span> <span class='ocrx_word' id='word_1_188' title='bbox 1248 2519 1446 2602; x_wconf 51' lang='grc' dir='ltr'><strong><em>άνῖδιοςὛ</em></strong></span> <span class='ocrx_word' id='word_1_189' title='bbox 1408 2549 1461 2606; x_wconf 88' lang='grc' dir='ltr'><strong><em>ειη</em></strong></span> <span class='ocrx_word' id='word_1_190' title='bbox 1472 2551 1572 2611; x_wconf 84' lang='grc' dir='ltr'><strong><em>μετα·</em></strong></span> 
     </span>
     <span class='ocr_line' id='line_1_22' title="bbox 381 2621 1571 2750; baseline -0.003 -52"><span class='ocrx_word' id='word_1_191' title='bbox 381 2627 514 2718; x_wconf 81' lang='grc' dir='ltr'><strong><em>βολὴ</em></strong></span> <span class='ocrx_word' id='word_1_192' title='bbox 475 2654 532 2713; x_wconf 79' lang='grc' dir='ltr'><strong><em>της</em></strong></span> <span class='ocrx_word' id='word_1_193' title='bbox 542 2625 592 2696; x_wconf 80' lang='grc' dir='ltr'><strong><em>ὑπ’</em></strong></span> <span class='ocrx_word' id='word_1_194' title='bbox 601 2628 721 2696; x_wconf 82' lang='grc' dir='ltr'><strong><em>ἐκείνου</em></strong></span> <span class='ocrx_word' id='word_1_195' title='bbox 730 2623 935 2750; x_wconf 77' lang='grc' dir='ltr'><strong><em>λεγομένης</em></strong></span> <span class='ocrx_word' id='word_1_196' title='bbox 916 2627 1031 2716; x_wconf 75' lang='grc' dir='ltr'><strong><em>αρίςης</em></strong></span> <span class='ocrx_word' id='word_1_197' title='bbox 1042 2621 1376 2712; x_wconf 81' lang='grc' dir='ltr'><strong><em>πολιτείαςμᾶλλον’</em></strong></span> <span class='ocrx_word' id='word_1_198' title='bbox 1355 2652 1375 2707; x_wconf 88' lang='grc' dir='ltr'><em>η</em></span> <span class='ocrx_word' id='word_1_199' title='bbox 1385 2650 1454 2694; x_wconf 87' lang='grc' dir='ltr'><strong><em>των</em></strong></span> <span class='ocrx_word' id='word_1_200' title='bbox 1461 2624 1571 2696; x_wconf 83' lang='grc' dir='ltr'><strong><em>αλλων</em></strong></span> 
     </span>
     <span class='ocr_line' id='line_1_23' title="bbox 381 2722 1571 2819; baseline -0.003 -19"><span class='ocrx_word' id='word_1_201' title='bbox 381 2736 562 2800; x_wconf 83' lang='grc' dir='ltr'><strong><em>πασῶνκαλ</em></strong></span> <span class='ocrx_word' id='word_1_202' title='bbox 575 2734 638 2800; x_wconf 81' lang='grc' dir='ltr'><strong><em>τῶν</em></strong></span> <span class='ocrx_word' id='word_1_203' title='bbox 649 2734 845 2818; x_wconf 86' lang='grc' dir='ltr'><strong><em>γιγνομένων</em></strong></span> <span class='ocrx_word' id='word_1_204' title='bbox 860 2726 1007 2811; x_wconf 75' lang='grc' dir='ltr'><strong><em>πάντωνς</em></strong></span> <span class='ocrx_word' id='word_1_205' title='bbox 1028 2722 1165 2808; x_wconf 73' lang='grc' dir='ltr'><strong><em>Καὶδγά</em></strong></span> <span class='ocrx_word' id='word_1_206' title='bbox 1182 2753 1216 2796; x_wconf 89' lang='grc' dir='ltr'><strong><em>τε</em></strong></span> <span class='ocrx_word' id='word_1_207' title='bbox 1228 2727 1286 2796; x_wconf 82' lang='grc' dir='ltr'><strong><em>τοῦ</em></strong></span> <span class='ocrx_word' id='word_1_208' title='bbox 1300 2724 1446 2819; x_wconf 81' lang='grc' dir='ltr'><strong><em>χρόνον,</em></strong></span> <span class='ocrx_word' id='word_1_209' title='bbox 1471 2724 1555 2798; x_wconf 72' lang='grc' dir='ltr'><strong><em>διΗ</em></strong></span> <span class='ocrx_word' id='word_1_210' title='bbox 1537 2755 1571 2796; x_wconf 90' lang='grc' dir='ltr'><strong><em>ον</em></strong></span> 
     </span>
     <span class='ocr_line' id='line_1_24' title="bbox 382 2823 1570 2960; baseline -0.003 -57"><span class='ocrx_word' id='word_1_211' title='bbox 382 2841 467 2924; x_wconf 83' lang='grc' dir='ltr'><strong><em>λέγει</em></strong></span> <span class='ocrx_word' id='word_1_212' title='bbox 481 2831 590 2903; x_wconf 88' lang='grc' dir='ltr'><strong><em>πάντα</em></strong></span> <span class='ocrx_word' id='word_1_213' title='bbox 602 2830 837 2924; x_wconf 79' lang='grc' dir='ltr'><strong><em>μεταβάλλειν,</em></strong></span> <span class='ocrx_word' id='word_1_214' title='bbox 851 2860 907 2900; x_wconf 88' lang='grc' dir='ltr'><strong><em>και</em></strong></span> <span class='ocrx_word' id='word_1_215' title='bbox 923 2829 964 2900; x_wconf 87' lang='grc' dir='ltr'><strong><em>τά</em></strong></span> <span class='ocrx_word' id='word_1_216' title='bbox 974 2829 1020 2916; x_wconf 80' lang='grc' dir='ltr'><strong><em>μὴ</em></strong></span> <span class='ocrx_word' id='word_1_217' title='bbox 1035 2823 1107 2920; x_wconf 79' lang='grc' dir='ltr'><strong><em>ἅμα</em></strong></span> <span class='ocrx_word' id='word_1_218' title='bbox 1119 2827 1294 2960; x_wconf 79' lang='grc' dir='ltr'><strong><em>ἀρξάμενα</em></strong></span> <span class='ocrx_word' id='word_1_219' title='bbox 1300 2825 1527 2918; x_wconf 72' lang='grc' dir='ltr'><strong><em>γίγνεσθαι“</em></strong></span> <span class='ocrx_word' id='word_1_220' title='bbox 1502 2860 1570 2920; x_wconf 81' lang='grc' dir='ltr'><strong><em>αμα</em></strong></span> 
     </span>
     <span class='ocr_line' id='line_1_25' title="bbox 380 2930 1566 3032; baseline -0.003 -26"><span class='ocrx_word' id='word_1_221' title='bbox 380 2932 647 3030; x_wconf 75' lang='grc' dir='ltr'><strong><em>μεταβάλλετ.</em></strong></span> <span class='ocrx_word' id='word_1_222' title='bbox 612 2963 682 3006; x_wconf 78' lang='lat' dir='ltr'>cccv</span> <span class='ocrx_word' id='word_1_223' title='bbox 703 2935 734 3006; x_wconf 90' lang='grc' dir='ltr'><strong><em>εἰ</em></strong></span> <span class='ocrx_word' id='word_1_224' title='bbox 755 2939 794 3032; x_wconf 81' lang='grc' dir='ltr'><strong><em>τῇ</em></strong></span> <span class='ocrx_word' id='word_1_225' title='bbox 816 2941 963 3029; x_wconf 79' lang='grc' dir='ltr'><strong><em>προτέρᾳ</em></strong></span> <span class='ocrx_word' id='word_1_226' title='bbox 986 2931 1092 3027; x_wconf 68' lang='grc' dir='ltr'><strong><em>ἡμέρᾳ</em></strong></span> <span class='ocrx_word' id='word_1_227' title='bbox 1113 2937 1238 3022; x_wconf 79' lang='grc' dir='ltr'><strong><em>ἐγένετο</em></strong></span> <span class='ocrx_word' id='word_1_228' title='bbox 1254 2937 1311 3017; x_wconf 82' lang='grc' dir='ltr'><strong><em>τῆς</em></strong></span> <span class='ocrx_word' id='word_1_229' title='bbox 1327 2937 1472 3025; x_wconf 79' lang='grc' dir='ltr'><strong><em>τροπῆς,</em></strong></span> <span class='ocrx_word' id='word_1_230' title='bbox 1498 2930 1566 3024; x_wconf 76' lang='grc' dir='ltr'><strong><em>ἅμα</em></strong></span> 
     </span>
     <span class='ocr_line' id='line_1_26' title="bbox 380 3038 1566 3135; baseline -0.003 -25"><span class='ocrx_word' id='word_1_231' title='bbox 380 3041 448 3135; x_wconf 76' lang='grc' dir='ltr'><strong><em>ἄρα</em></strong></span> <span class='ocrx_word' id='word_1_232' title='bbox 469 3038 678 3132; x_wconf 76' lang='grc' dir='ltr'><strong><em>μεταβάλλει.</em></strong></span> <span class='ocrx_word' id='word_1_233' title='bbox 726 3046 802 3108; x_wconf 88' lang='lat' dir='ltr'><strong><em>Nam</em></strong></span> <span class='ocrx_word' id='word_1_234' title='bbox 821 3062 948 3114; x_wconf 83' lang='lat' dir='ltr'>causam</span> <span class='ocrx_word' id='word_1_235' title='bbox 972 3039 1183 3116; x_wconf 84' lang='lat' dir='ltr'>universalem</span> <span class='ocrx_word' id='word_1_236' title='bbox 1203 3039 1348 3108; x_wconf 87' lang='lat' dir='ltr'>interitus</span> <span class='ocrx_word' id='word_1_237' title='bbox 1372 3041 1566 3115; x_wconf 78' lang='lat' dir='ltr'>Aristoteles</span> 
     </span>
     <span class='ocr_line' id='line_1_27' title="bbox 380 3143 1560 3229; baseline -0.004 -13"><span class='ocrx_word' id='word_1_238' title='bbox 380 3151 553 3218; x_wconf 85' lang='lat' dir='ltr'>secundum</span> <span class='ocrx_word' id='word_1_239' title='bbox 575 3147 737 3212; x_wconf 84' lang='lat' dir='ltr'>Platonem</span> <span class='ocrx_word' id='word_1_240' title='bbox 759 3165 831 3212; x_wconf 91' lang='lat' dir='ltr'>eam</span> <span class='ocrx_word' id='word_1_241' title='bbox 859 3163 928 3212; x_wconf 85' lang='lat' dir='ltr'>esse</span> <span class='ocrx_word' id='word_1_242' title='bbox 952 3143 1043 3222; x_wconf 84' lang='lat' dir='ltr'>dicit,</span> <span class='ocrx_word' id='word_1_243' title='bbox 1064 3146 1151 3229; x_wconf 84' lang='lat' dir='ltr'>qued</span> <span class='ocrx_word' id='word_1_244' title='bbox 1176 3143 1254 3214; x_wconf 78' lang='lat' dir='ltr'>uiuit</span> <span class='ocrx_word' id='word_1_245' title='bbox 1275 3151 1412 3215; x_wconf 79' lang='lat' dir='ltr'>maneat.</span> <span class='ocrx_word' id='word_1_246' title='bbox 1470 3148 1560 3227; x_wconf 76' lang='grc' dir='ltr'>Φησὶ</span> 
     </span>
     <span class='ocr_line' id='line_1_28' title="bbox 380 3239 1637 3343; baseline -0.005 -24"><span class='ocrx_word' id='word_1_247' title='bbox 380 3251 445 3343; x_wconf 82' lang='grc' dir='ltr'><strong><em>γάρ</em></strong></span> <span class='ocrx_word' id='word_1_248' title='bbox 467 3253 575 3319; x_wconf 85' lang='grc' dir='ltr'><strong><em>αἴτιον</em></strong></span> <span class='ocrx_word' id='word_1_249' title='bbox 596 3239 680 3316; x_wconf 83' lang='grc' dir='ltr'><strong><em>εἶναι</em></strong></span> <span class='ocrx_word' id='word_1_250' title='bbox 710 3246 748 3316; x_wconf 86' lang='grc' dir='ltr'><strong><em>τὸ</em></strong></span> <span class='ocrx_word' id='word_1_251' title='bbox 769 3246 815 3335; x_wconf 81' lang='grc' dir='ltr'><strong><em>μὴ</em></strong></span> <span class='ocrx_word' id='word_1_252' title='bbox 844 3252 1100 3339; x_wconf 77' lang='grc' dir='ltr'><strong><em>μένεινμηθὲν,</em></strong></span> <span class='ocrx_word' id='word_1_253' title='bbox 1131 3273 1160 3316; x_wconf 86' lang='grc' dir='ltr'><strong><em>ιι.</em></strong></span> <span class='ocrx_word' id='word_1_254' title='bbox 1189 3269 1218 3315; x_wconf 85' lang='grc' dir='ltr'><strong><em>τ.</em></strong></span> <span class='ocrx_word' id='word_1_255' title='bbox 1240 3249 1264 3316; x_wconf 82' lang='grc' dir='ltr'><strong><em>ἑ.</em></strong></span> <span class='ocrx_word' id='word_1_256' title='bbox 1286 3252 1327 3314; x_wconf 84' lang='lat' dir='ltr'><strong><em>ah</em></strong></span> <span class='ocrx_word' id='word_1_257' title='bbox 1349 3269 1388 3316; x_wconf 86' lang='lat' dir='ltr'><strong><em>ca</em></strong></span> <span class='ocrx_word' id='word_1_258' title='bbox 1404 3252 1565 3333; x_wconf 76' lang='lat' dir='ltr'><strong><em>¹pendere</em></strong></span> <span class='ocrx_word' id='word_1_259' title='bbox 1636 3321 1637 3338; x_wconf 22' lang='grc' dir='ltr'><strong><em>ρ</em></strong></span> 
     </span>
     <span class='ocr_line' id='line_1_29' title="bbox 379 3344 1637 3442; baseline -0.004 -20"><span class='ocrx_word' id='word_1_260' title='bbox 379 3359 528 3440; x_wconf 71' lang='grc' dir='ltr'><strong><em>μέλιτται,</em></strong></span> <span class='ocrx_word' id='word_1_261' title='bbox 547 3376 575 3421; x_wconf 84' lang='grc' dir='ltr'><strong><em>ι.</em></strong></span> <span class='ocrx_word' id='word_1_262' title='bbox 597 3356 768 3438; x_wconf 78' lang='lat' dir='ltr'>specialem,</span> <span class='ocrx_word' id='word_1_263' title='bbox 795 3373 876 3442; x_wconf 78' lang='lat' dir='ltr'>quae</span> <span class='ocrx_word' id='word_1_264' title='bbox 902 3349 1039 3420; x_wconf 84' lang='lat' dir='ltr'>iudicata</span> <span class='ocrx_word' id='word_1_265' title='bbox 1060 3360 1108 3420; x_wconf 88' lang='lat' dir='ltr'>est</span> <span class='ocrx_word' id='word_1_266' title='bbox 1133 3353 1256 3419; x_wconf 87' lang='lat' dir='ltr'>verbis:</span> <span class='ocrx_word' id='word_1_267' title='bbox 1286 3347 1390 3440; x_wconf 79' lang='grc' dir='ltr'><strong><em>ἀρχὴν</em></strong></span> <span class='ocrx_word' id='word_1_268' title='bbox 1420 3347 1453 3418; x_wconf 76' lang='grc' dir='ltr'><strong><em>δ’</em></strong></span> <span class='ocrx_word' id='word_1_269' title='bbox 1483 3344 1566 3420; x_wconf 86' lang='grc' dir='ltr'><strong><em>εἶναι</em></strong></span> <span class='ocrx_word' id='word_1_270' title='bbox 1636 3345 1637 3366; x_wconf 31' lang='grc' dir='ltr'><strong><em>ί</em></strong></span> 
     </span>
     <span class='ocr_line' id='line_1_30' title="bbox 379 3451 1563 3544; baseline -0.004 -17"><span class='ocrx_word' id='word_1_271' title='bbox 379 3457 521 3542; x_wconf 81' lang='grc' dir='ltr'><strong><em>τούτων,</em></strong></span> <span class='ocrx_word' id='word_1_272' title='bbox 544 3457 594 3544; x_wconf 85' lang='lat' dir='ltr'>(de</span> <span class='ocrx_word' id='word_1_273' title='bbox 609 3456 836 3544; x_wconf 72' lang='lat' dir='ltr'>significatione</span> <span class='ocrx_word' id='word_1_274' title='bbox 857 3453 1003 3526; x_wconf 74' lang='lat' dir='ltr'>vocabuli</span> <span class='ocrx_word' id='word_1_275' title='bbox 1021 3451 1106 3543; x_wconf 85' lang='grc' dir='ltr'><strong><em>άργὴ</em></strong></span> <span class='ocrx_word' id='word_1_276' title='bbox 1128 3455 1175 3522; x_wconf 78' lang='lat' dir='ltr'><strong><em>tf.</em></strong></span> <span class='ocrx_word' id='word_1_277' title='bbox 1192 3455 1351 3522; x_wconf 80' lang='lat' dir='ltr'>Aristotel.</span> <span class='ocrx_word' id='word_1_278' title='bbox 1369 3461 1447 3522; x_wconf 85' lang='lat' dir='ltr'>mel.</span> <span class='ocrx_word' id='word_1_279' title='bbox 1467 3458 1506 3534; x_wconf 91' lang='lat'><strong><em>1,</em></strong></span> <span class='ocrx_word' id='word_1_280' title='bbox 1525 3455 1563 3540; x_wconf 81' lang='lat'><strong><em>3.)</em></strong></span> 
     </span>
     <span class='ocr_line' id='line_1_31' title="bbox 380 3553 1566 3652; baseline -0.005 -20"><span class='ocrx_word' id='word_1_281' title='bbox 380 3556 423 3634; x_wconf 83' lang='grc' dir='ltr'><strong><em>ὧν</em></strong></span> <span class='ocrx_word' id='word_1_282' title='bbox 445 3564 608 3652; x_wconf 73' lang='grc' dir='ltr'><strong><em>ἐπίτριτος</em></strong></span> <span class='ocrx_word' id='word_1_283' title='bbox 628 3558 769 3649; x_wconf 75' lang='grc' dir='ltr'><strong><em>πυθμὴν</em></strong></span> <span class='ocrx_word' id='word_1_284' title='bbox 786 3557 931 3646; x_wconf 82' lang='grc' dir='ltr'><strong><em>πεμπάδι</em></strong></span> <span class='ocrx_word' id='word_1_285' title='bbox 947 3561 1092 3644; x_wconf 74' lang='grc' dir='ltr'><strong><em>συζυγεὶς</em></strong></span> <span class='ocrx_word' id='word_1_286' title='bbox 1106 3553 1166 3627; x_wconf 80' lang='grc' dir='ltr'><strong><em>δύο</em></strong></span> <span class='ocrx_word' id='word_1_287' title='bbox 1186 3553 1346 3646; x_wconf 80' lang='grc' dir='ltr'><strong><em>ἁρμονίας</em></strong></span> <span class='ocrx_word' id='word_1_288' title='bbox 1366 3562 1566 3651; x_wconf 81' lang='grc' dir='ltr'><strong><em>παρέχεται,</em></strong></span> 
     </span>
    </p>
   </div>
   <div class='ocr_carea' id='block_1_3' title="bbox 379 3656 1567 4386">
    <p class='ocr_par' dir='ltr' id='par_1_3' title="bbox 379 3656 1635 4433">
     <span class='ocr_line' id='line_1_32' title="bbox 381 3656 1566 3756; baseline -0.003 -21"><span class='ocrx_word' id='word_1_289' title='bbox 381 3672 522 3756; x_wconf 85' lang='grc' dir='ltr'><strong><em>λέγων,</em></strong></span> <span class='ocrx_word' id='word_1_290' title='bbox 553 3659 656 3734; x_wconf 81' lang='grc' dir='ltr'><strong><em>ὅταν</em></strong></span> <span class='ocrx_word' id='word_1_291' title='bbox 686 3660 704 3732; x_wconf 89' lang='grc' dir='ltr'>ὁ</span> <span class='ocrx_word' id='word_1_292' title='bbox 734 3664 808 3735; x_wconf 77' lang='grc' dir='ltr'><strong><em>τοῦ</em></strong></span> <span class='ocrx_word' id='word_1_293' title='bbox 834 3657 1163 3753; x_wconf 80' lang='grc' dir='ltr'><strong><em>διαγράμματος</em></strong></span> <span class='ocrx_word' id='word_1_294' title='bbox 1195 3656 1384 3752; x_wconf 70' lang='grc' dir='ltr'><strong><em>ἀριθμὸς</em></strong></span> <span class='ocrx_word' id='word_1_295' title='bbox 1411 3658 1566 3731; x_wconf 77' lang='grc' dir='ltr'><strong><em>τούτου</em></strong></span> 
     </span>
     <span class='ocr_line' id='line_1_33' title="bbox 381 3761 1567 3860; baseline -0.005 -22"><span class='ocrx_word' id='word_1_296' title='bbox 381 3775 557 3856; x_wconf 82' lang='grc' dir='ltr'><strong><em>γένηται</em></strong></span> <span class='ocrx_word' id='word_1_297' title='bbox 577 3764 761 3860; x_wconf 74' lang='grc' dir='ltr'><strong><em>στερεὸς,</em></strong></span> <span class='ocrx_word' id='word_1_298' title='bbox 784 3787 921 3853; x_wconf 86' lang='lat' dir='ltr'>quorum</span> <span class='ocrx_word' id='word_1_299' title='bbox 936 3763 1119 3842; x_wconf 83' lang='lat' dir='ltr'>verberum,</span> <span class='ocrx_word' id='word_1_300' title='bbox 1142 3785 1225 3852; x_wconf 86' lang='lat' dir='ltr'>quae</span> <span class='ocrx_word' id='word_1_301' title='bbox 1245 3761 1480 3856; x_wconf 80' lang='grc' dir='ltr'><strong><em>άλληγορικῶς</em></strong></span> <span class='ocrx_word' id='word_1_302' title='bbox 1493 3789 1567 3852; x_wconf 85' lang='lat' dir='ltr'>prc-</span> 
     </span>
     <span class='ocr_line' id='line_1_34' title="bbox 382 3868 1564 3958; baseline -0.002 -18"><span class='ocrx_word' id='word_1_303' title='bbox 382 3873 433 3940; x_wconf 89' lang='lat' dir='ltr'><strong><em>cul</em></strong></span> <span class='ocrx_word' id='word_1_304' title='bbox 455 3874 550 3941; x_wconf 81' lang='lat' dir='ltr'>dubio</span> <span class='ocrx_word' id='word_1_305' title='bbox 573 3875 673 3958; x_wconf 82' lang='lat' dir='ltr'>accipi</span> <span class='ocrx_word' id='word_1_306' title='bbox 688 3875 821 3955; x_wconf 68' lang='lat' dir='ltr'>debent,</span> <span class='ocrx_word' id='word_1_307' title='bbox 846 3871 1000 3951; x_wconf 80' lang='lat' dir='ltr'>sententia</span> <span class='ocrx_word' id='word_1_308' title='bbox 1018 3868 1245 3955; x_wconf 78' lang='lat' dir='ltr'>explicaturiis</span> <span class='ocrx_word' id='word_1_309' title='bbox 1269 3887 1350 3954; x_wconf 84' lang='lat' dir='ltr'>quae</span> <span class='ocrx_word' id='word_1_310' title='bbox 1365 3877 1564 3956; x_wconf 86' lang='lat' dir='ltr'>sequuntur,</span> 
     </span>
     <span class='ocr_line' id='line_1_35' title="bbox 380 3969 1565 4069; baseline -0.003 -23"><span class='ocrx_word' id='word_1_311' title='bbox 380 3973 424 4058; x_wconf 81' lang='grc' dir='ltr'><strong><em>ὡς</em></strong></span> <span class='ocrx_word' id='word_1_312' title='bbox 446 3979 506 4059; x_wconf 72' lang='grc' dir='ltr'><strong><em>τῆς</em></strong></span> <span class='ocrx_word' id='word_1_313' title='bbox 525 3973 654 4069; x_wconf 77' lang='grc' dir='ltr'><strong><em>φύσεώς</em></strong></span> <span class='ocrx_word' id='word_1_314' title='bbox 675 3999 754 4044; x_wconf 86' lang='grc' dir='ltr'><strong><em>ποτε</em></strong></span> <span class='ocrx_word' id='word_1_315' title='bbox 775 3971 926 4065; x_wconf 74' lang='grc' dir='ltr'><strong><em>φυούσης</em></strong></span> <span class='ocrx_word' id='word_1_316' title='bbox 947 3969 1098 4067; x_wconf 80' lang='grc' dir='ltr'><strong><em>φαύλους</em></strong></span> <span class='ocrx_word' id='word_1_317' title='bbox 1126 3978 1182 4040; x_wconf 83' lang='grc' dir='ltr'><strong><em>καί</em></strong></span> <span class='ocrx_word' id='word_1_318' title='bbox 1203 3973 1370 4063; x_wconf 86' lang='grc' dir='ltr'><strong><em>κρείττους</em></strong></span> <span class='ocrx_word' id='word_1_319' title='bbox 1392 3973 1453 4056; x_wconf 80' lang='grc' dir='ltr'><strong><em>τῆς</em></strong></span> <span class='ocrx_word' id='word_1_320' title='bbox 1486 4000 1565 4042; x_wconf 85' lang='grc' dir='ltr'><strong><em>παι·</em></strong></span> 
     </span>
     <span class='ocr_line' id='line_1_36' title="bbox 379 4071 1564 4172; baseline -0.006 -21"><span class='ocrx_word' id='word_1_321' title='bbox 379 4084 481 4162; x_wconf 80' lang='grc' dir='ltr'><strong><em>δείας.</em></strong></span> <span class='ocrx_word' id='word_1_322' title='bbox 527 4085 652 4166; x_wconf 72' lang='lat' dir='ltr'>Tempus</span> <span class='ocrx_word' id='word_1_323' title='bbox 666 4082 811 4149; x_wconf 74' lang='lat' dir='ltr'>interitus</span> <span class='ocrx_word' id='word_1_324' title='bbox 821 4080 980 4146; x_wconf 86' lang='lat' dir='ltr'>indicatur</span> <span class='ocrx_word' id='word_1_325' title='bbox 993 4077 1099 4146; x_wconf 81' lang='lat' dir='ltr'>verbis</span> <span class='ocrx_word' id='word_1_326' title='bbox 1120 4081 1190 4147; x_wconf 82' lang='grc' dir='ltr'><strong><em>καὶ</em></strong></span> <span class='ocrx_word' id='word_1_327' title='bbox 1213 4071 1282 4172; x_wconf 77' lang='grc' dir='ltr'><strong><em>διά</em></strong></span> <span class='ocrx_word' id='word_1_328' title='bbox 1309 4077 1446 4144; x_wconf 83' lang='grc' dir='ltr'><strong><em>τετοῦ</em></strong></span> <span class='ocrx_word' id='word_1_329' title='bbox 1465 4073 1564 4168; x_wconf 81' lang='grc' dir='ltr'><strong><em>χρό-</em></strong></span> 
     </span>
     <span class='ocr_line' id='line_1_37' title="bbox 380 4180 1565 4266; baseline -0.008 -10"><span class='ocrx_word' id='word_1_330' title='bbox 380 4212 449 4256; x_wconf 90' lang='grc' dir='ltr'><strong><em>νου</em></strong></span> <span class='ocrx_word' id='word_1_331' title='bbox 471 4212 500 4255; x_wconf 90' lang='grc' dir='ltr'><strong><em>κ.</em></strong></span> <span class='ocrx_word' id='word_1_332' title='bbox 522 4211 549 4252; x_wconf 91' lang='grc' dir='ltr'><strong><em>τ.</em></strong></span> <span class='ocrx_word' id='word_1_333' title='bbox 572 4186 596 4253; x_wconf 85' lang='grc' dir='ltr'><strong><em>έ.</em></strong></span> <span class='ocrx_word' id='word_1_334' title='bbox 638 4191 678 4252; x_wconf 86' lang='lat' dir='ltr'><strong><em>Et</em></strong></span> <span class='ocrx_word' id='word_1_335' title='bbox 698 4191 784 4258; x_wconf 86' lang='lat' dir='ltr'>recte</span> <span class='ocrx_word' id='word_1_336' title='bbox 805 4180 945 4248; x_wconf 82' lang='lat' dir='ltr'>Friesius</span> <span class='ocrx_word' id='word_1_337' title='bbox 959 4181 983 4248; x_wconf 89' lang='lat' dir='ltr'><strong><em>l.</em></strong></span> <span class='ocrx_word' id='word_1_338' title='bbox 1000 4182 1021 4252; x_wconf 90' lang='lat' dir='ltr'><strong><em>l.</em></strong></span> <span class='ocrx_word' id='word_1_339' title='bbox 1034 4204 1067 4266; x_wconf 85' lang='lat' dir='ltr'><strong><em>p.</em></strong></span> <span class='ocrx_word' id='word_1_340' title='bbox 1082 4183 1154 4248; x_wconf 78' lang='grc'><strong>379.</strong></span> <span class='ocrx_word' id='word_1_341' title='bbox 1169 4181 1242 4246; x_wconf 86' lang='lat' dir='ltr'><strong><em>Wir</em></strong></span> <span class='ocrx_word' id='word_1_342' title='bbox 1256 4187 1383 4248; x_wconf 78' lang='lat' dir='ltr'>mussen</span> <span class='ocrx_word' id='word_1_343' title='bbox 1406 4180 1565 4254; x_wconf 77' lang='lat' dir='ltr'><strong><em>auciteus¹</em></strong></span> 
     </span>
     <span class='ocr_line' id='line_1_38' title="bbox 380 4283 1564 4386; baseline -0.005 -26"><span class='ocrx_word' id='word_1_344' title='bbox 380 4297 601 4361; x_wconf 81' lang='lat' dir='ltr'>voraussetzen</span> <span class='ocrx_word' id='word_1_345' title='bbox 622 4287 981 4386; x_wconf 22' lang='lat' dir='ltr'>[cogegen‘Schncider</span> <span class='ocrx_word' id='word_1_346' title='bbox 998 4292 1179 4370; x_wconf 75' lang='grc' dir='ltr'><strong><em>,τετείοευοιι</em></strong></span> <span class='ocrx_word' id='word_1_347' title='bbox 1199 4283 1263 4372; x_wconf 81' lang='lat' dir='ltr'>hat)</span> <span class='ocrx_word' id='word_1_348' title='bbox 1278 4288 1349 4354; x_wconf 84' lang='lat' dir='ltr'>dass</span> <span class='ocrx_word' id='word_1_349' title='bbox 1363 4283 1479 4354; x_wconf 83' lang='lat' dir='ltr'>Platon</span> <span class='ocrx_word' id='word_1_350' title='bbox 1488 4287 1564 4354; x_wconf 80' lang='lat' dir='ltr'>sich</span> 
     </span>
    </p>
   </div>
   <div class='ocr_carea' id='block_1_4' title="bbox 0 0 1652 5232">
    <p class='ocr_par' dir='ltr' id='par_1_4' title="bbox 0 0 1652 5232">
     <span class='ocr_line' id='line_1_39' title="bbox 0 0 1652 5232; baseline 0 1"><span class='ocrx_word' id='word_1_351' title='bbox 0 0 1652 5232; x_wconf 95' lang='lat' dir='ltr'><strong><em> </em></strong></span> 
     </span>
    </p>
   </div>
  </div>
 </body>
</html>
