3298 5232
869 394 1101 464 ..eoo-

395 574 530 643 peregre
558 557 700 630 abesset,
732 556 947 625 incursionem
976 553 1009 620 in
1031 575 1105 622 suos
1126 552 1206 621 fines
1225 553 1341 624 factam
1368 555 1479 624 iocose
1502 579 1574 624 con·

398 667 600 747 quereretur,
623 658 672 724 vel
695 657 926 744 defatigationis
946 679 1021 724 suas
1039 661 1195 725 rationem
1211 679 1274 726 non
1287 659 1426 726 habitam
1442 661 1573 739 doleret,

397 763 557 851 womodo
579 765 704 828 Ficinus
726 767 972 856 στρατευομένῳ
988 764 1212 850 interpretatus
1227 765 1267 828 sit
1282 767 1409 830 militiae
1424 767 1575 832 laboribus

396 872 460 934 ium
478 870 623 952 defessos
652 887 788 954 quorum
810 867 887 937 nibil
909 889 1036 960 rerum,
1059 869 1305 953 praeferremus.
1347 871 1427 936 Nam
1448 869 1576 936 simulat

398 975 545 1046 Socrates
572 991 606 1036 se
638 989 784 1038 sermone
815 975 854 1038 tic
882 991 918 1038 ra
945 970 1091 1048 militari,
1123 974 1211 1055 proi
1231 973 1299 1038 betti
1319 958 1446 1055 amendi·
1465 977 1575 1050 stoan,

396 1075 562 1160 abreptum
583 1079 661 1142 baec
682 1076 910 1161 percensuisse.
934 1076 1056 1144 etiamsi
1077 1097 1136 1161 per
1158 1096 1191 1140 so
1213 1075 1393 1145 necessaria
1414 1097 1483 1143 non
1505 1079 1575 1142 sint.

397 1183 474 1248 Cum
497 1201 559 1267 qua
581 1178 790 1266 explicatione
811 1188 989 1266 congruunt
1010 1199 1091 1265 qrrae
1111 1183 1316 1265 praecellant,
1341 1171 1449 1266 ὥσπερ
1473 1205 1577 1248 κατα-

396 1280 523 1370 δρομὴν
534 1279 696 1364 ’ἐποιήσω
709 1284 760 1353 ἐπὶ
782 1279 849 1354 τὸν,
861 1277 964 1368 λόγον
980 1306 1055 1368 μου.
1098 1284 1192 1360 Quod
1206 1291 1310 1350 autem
1325 1283 1578 1368 insequentibus

396 1390 581 1462 maeotium*
603 1396 635 1452 et
654 1390 761 1455 timori
781 1407 840 1456 suo
853 1389 1088 1471 ,ignoscendum
1103 1388 1209 1456 ‘luisse
1223 1385 1298 1455 aicit
1313 1389 1473 1464 Socrates,
1497 1409 1578 1473 quae

397 1491 593 1560 Schneidero
615 1489 859 1574 explicationem
882 1493 973 1558 verbi
994 1487 1266 1579 σεραγγεύεσθαι
1288 1494 1451 1557 continere
1466 1491 1578 1558 viden

396 1602 466 1671 tur,
492 1594 532 1660 iis
560 1594 653 1662 nobis
683 1597 829 1666 Socrates
857 1595 947 1680 quasi
973 1615 1082 1664 reram
1103 1593 1308 1664 cunctationis
1330 1615 1406 1660 suae
1429 1613 1575 1672 oausam,

397 1699 472 1764 licet
493 1700 592 1784 ipsam
616 1720 745 1786 quoque,
761 1696 890 1774 falsam,
903 1697 959 1766 sed
979 1697 1140 1785 prioribus
1160 1717 1349 1782 congruam,
1378 1696 1420 1767 cf.
1445 1721 1479 1782 p.
1503 1701 1576 1777 b57,

397 1805 448 1879 E„
470 1801 584 1868 afferre
599 1801 734 1879 videtur,
755 1825 851 1889 mum
865 1802 900 1868 in
914 1805 972 1877 his.
997 1796 1035 1870 οὐ
1051 1796 1302 1887 συγγιγνώσκεις
1316 1806 1576 1894 στρατευομένῳ,

398 1915 508 1990 aperte
536 1907 656 1974 iocatus
684 1907 734 1972 sit.
780 1909 859 1974 Sunt
885 1906 982 1990 igitur
1002 1910 1081 1972 haec
1104 1903 1288 1991 explicanda
1309 1921 1350 1972 ex
1371 1906 1418 1970 iis
1432 1926 1520 1992 quae
1541 1910 1578 1972 nd

397 2030 431 2096 p.
457 2011 528 2086 t57,
551 2015 586 2102 li.
609 2010 759 2087 diximus,
783 2018 815 2075 at
837 2008 1102 2094 detegitur'fraus
1124 2029 1164 2074 eo
1178 2011 1265 2096 ipso,
1289 2007 1376 2094 quod
1390 2007 1502 2090 iidem,
1526 2011 1578 2096 qui

400 2119 495 2178 antea
512 2112 551 2178 de
573 2113 666 2180 huius
688 2113 821 2180 instituti
841 2113 977 2180 utilitate
996 2111 1059 2181 lici
1080 2111 1258 2187 voluerant,
1292 2132 1375 2178 nuuc
1396 2133 1577 2190 sermonem

399 2213 545 2302 abrumpi
567 2217 735 2303 postulant,
759 2225 790 2284 et
812 2220 898 2303 quod
921 2220 1080 2291 Socrates,
1102 2216 1157 2301 qui
1179 2224 1246 2282 tum
1267 2234 1446 2285 sermonem
1470 2221 1513 2284 de
1535 2223 1578 2284 in·

398 2319 498 2386 stituti
527 2318 660 2387 utilitate
681 2323 904 2405 subterfugere
925 2318 1006 2388 velle
1027 2319 1214 2396 ridebatur,
1243 2328 1280 2386 ut
1301 2323 1342 2386 de
1363 2320 1577 2404 possibilitate

399 2423 540 2501 diceret,
572 2443 656 2490 nunc
678 2423 796 2494 diutius
817 2445 912 2510 quam
933 2423 978 2490 illi
1000 2431 1111 2510 optant
1130 2424 1164 2492 in
1186 2427 1248 2490 boo
1268 2443 1415 2494 sermone
1438 2445 1578 2492 commo

398 2535 504 2604 ratur,
535 2535 567 2593 et
596 2547 774 2596 sermonem
803 2532 843 2595 de
872 2526 1081 2612 possibilitate
1093 2527 1220 2594 ÷csitare
1241 2527 1323 2596 vella
1345 2531 1484 2601 videtur.
1531 2533 1576 2596 Cf.
1637 2559 1638 2566 γ

399 2652 433 2718 p.
458 2633 541 2708 tit,
555 2633 588 2702 C.
611 2635 693 2708 trs,
716 2635 753 2709 Α,
775 2635 813 2696 Β.
859 2634 922 2698 Sed
942 2631 1104 2698 rideamus
1126 2633 1219 2701 etiarn
1242 2640 1358 2717 quanta
1380 2641 1450 2708 arte
1472 2634 1578 2720 paula·

398 2737 457 2800 tim
479 2740 582 2802 oratio
604 2757 643 2802 eo
665 2735 798 2806 deducta
819 2738 870 2812 sit,
889 2744 929 2804 ut
950 2734 1057 2804 dicere
1071 2743 1190 2822 posset,
1211 2757 1285 2806 aruo
1306 2739 1367 2804 isto
1387 2739 1500 2804 οΐυϋαε
1513 2741 1578 2822 fieri

392 2848 506 2923 posset,
531 2849 558 2904 ct
578 2842 735 2922 quonam.
779 2839 943 2910 Albucia
965 2848 1149 2914 eorersata
1171 2848 1240 2908 erat
1261 2841 1364 2910 oratio
1384 2849 1420 2906 ut
1442 2861 1577 2929 quaere-

399 2950 499 3020 retur,
523 2959 599 3010 num
620 2947 704 3028 apud
725 2945 868 3013 homines
890 2942 959 3012 lieri
981 2951 1087 3029 posset
1107 2946 1168 3012 istu
1182 2947 1347 3013 arabeum
1360 2946 1578 3030 liberorumque
1636 3017 1637 3045 γ

398 3050 578 3114 commuuio.
623 3050 706 3114 Ecce
735 3046 839 3114 subito
869 3049 909 3114 rlc
937 3066 978 3114 eo
1006 3063 1187 3117 sermonem
1218 3067 1287 3114 esse
1308 3047 1472 3126 videmus,
1509 3071 1579 3116 nan

399 3154 506 3218 civitas
527 3156 587 3218 isto
603 3154 675 3236 ,fiat
687 3155 907 3236 possit'quod
929 3165 1032 3236 neque
1053 3151 1246 3235 postulatum
1265 3160 1333 3221 erut
1347 3159 1451 3230 autea,
1475 3175 1578 3239 neque

399 3255 553 3341 postulari
583 3263 727 3341 poterat,
761 3256 789 3322 si
817 3254 921 3322 omnia
948 3254 988 3322 de
1016 3253 1141 3326 civitate
1170 3255 1296 3322 habitus
1323 3274 1428 3323 sermo
1458 3266 1577 3324 tanturn

399 3359 535 3426 iustitiae
546 3358 751 3444 explicandae
766 3363 867 3443 gratia
884 3359 1009 3427 habitus
1025 3365 1119 3426 esset.
1150 3361 1241 3427 Hanc
1254 3379 1333 3428 uero
1348 3363 1575 3445 quaestionem,

400 3465 544 3548 quomodo
574 3467 681 3529 cintus
705 3465 765 3528 isto
791 3464 861 3547 fari
875 3465 989 3545 possit,
1018 3483 1185 3548 quaotnon
1207 3462 1343 3532 multam¹
1362 3463 1524 3552 discrepat
1543 3470 1577 3532 ab

399 3566 507 3643 altera,
528 3587 601 3640 nom
619 3569 689 3650 fieri
704 3570 805 3650 possit
822 3575 857 3630 art
877 3568 939 3632 sint
960 3568 1382 3651 commemoratumque
1396 3569 1493 3643 liberi.
1517 3591 1577 3636 non

400 3674 559 3738 diversam
588 3691 657 3736 esse
679 3670 857 3738 videbimus
879 3674 918 3736 ab
941 3669 1021 3747 alia,
1052 3691 1146 3755 quam
1167 3673 1212 3736 ita
1232 3674 1444 3758 pronunciare
1466 3671 1574 3740 liceat:

400 3778 453 3858 qui
480 3779 680 3859 mopistrutus
707 3797 768 3842 esse
795 3777 929 3846 dauco,
962 3777 1076 3844 siistu
1102 3777 1209 3843 civitas
1234 3778 1344 3858 sutoro
1371 3777 1423 3843 sit.
1470 3779 1519 3842 Ita
1541 3779 1576 3841 de

400 3878 634 3964 magistratibus
657 3878 785 3948 dicendi
806 3885 1004 3952 occasionem
1027 3877 1233 3954 nanciscitur,
1259 3899 1340 3963 quae
1363 3879 1430 3946 sola
1453 3901 1507 3946 res
1529 3879 1577 3946 ad·
1634 3933 1635 3942 ,

400 3984 462 4050 buc
483 3983 670 4071 explicanda
692 3994 761 4052 erat
780 3983 956 4052 accuratius
978 4003 1072 4071 quam
1093 3985 1194 4051 tertio
1208 3981 1291 4049 libro
1312 3981 1429 4048 facturn
1453 3992 1517 4059 est,
1545 3991 1576 4048 ut

402 4085 563 4174 perfectae
599 4088 733 4156 civitatis
771 4087 940 4170 desumptio
972 4087 1063 4174 plane
1096 4085 1324 4157 absolveretur.
1380 4089 1485 4170 Atque
1519 4087 1576 4154 lroc

403 4194 497 4258 etiam
524 4189 595 4258 loco
617 4200 718 4258 artem
738 4191 878 4260 Platonis
897 4191 1045 4258 admirari
1065 4188 1161 4265 libet,
1190 4211 1253 4275 ocra
1274 4189 1307 4256 id
1329 4197 1490 4256 assecutus
1514 4198 1573 4264 est,

401 4306 448 4366 ut·
468 4297 506 4366 de
535 4296 666 4384 singulis
696 4294 874 4384 quibusqm
903 4297 1059 4368 institutis
1075 4293 1210 4374 civitatis
1230 4292 1336 4366 umere
1356 4303 1482 4384 posset,
1515 4313 1575 4360 non
