3298 5238
542 383 688 460 ...193
730 415 772 442 a

64 571 97 640 p.
121 547 195 618 350.
218 551 301 616 med.
327 553 371 616 St.
413 553 460 616 De
482 553 637 616 sententia
657 571 733 618 vero
749 551 818 618 einr
834 569 929 636 quam
950 550 991 616 de
1011 539 1150 616 institiae
1164 541 1197 615 vi
1211 547 1244 616 et

64 665 177 722 natura
196 656 463 740 pronunciaverat
481 658 575 722 adeas
589 675 622 741 p.
640 657 714 730 338,
738 665 818 720 extr.
835 656 880 718 St.
925 657 971 720 Ita
986 661 1127 740 apparet,
1151 671 1247 741 quam

64 768 151 826 arcte
182 780 222 824 ca
249 779 331 844 quae
359 759 463 844 primo
490 756 574 824 libro
603 760 805 824 continentur
833 775 905 824 cunr
927 760 977 826 his
1000 777 1144 826 connexu
1165 757 1245 833 sint,

63 864 95 928 in
118 863 240 949 quibus
261 864 323 927 iam
346 862 516 948 disputatio
537 869 646 928 nostra
667 869 824 939 versatur,
849 869 881 928 et
902 869 1099 947 quantopere
1115 863 1177 926 iam
1191 861 1247 926 illa

64 971 101 1034 de
134 966 276 1031 iustitiae
305 964 337 1030 vi
355 982 404 1030 'ac
433 972 543 1030 natura
571 963 713 1049 quaestio
743 985 815 1032 cnm
844 964 1081 1050 quaestionibus
1108 963 1244 1052 politicis

63 1075 244 1146 cohaereat,
268 1087 326 1134 nec
347 1068 414 1136 sine
436 1087 609 1134 musanus
632 1071 789 1144 statuisse,
813 1068 876 1134 iam
892 1089 929 1136 ca
944 1072 1144 1157 quaeprimo
1159 1068 1242 1134 libro

63 1179 101 1240 de
123 1171 248 1240 iustitia
269 1172 428 1256 disputata
449 1174 512 1238 nint
533 1172 665 1239 civitatis
687 1193 752 1240 non
773 1175 876 1238 solum
896 1173 1020 1240 ratione
1042 1172 1162 1250 habita,
1187 1173 1244 1238 scd

63 1277 200 1344 civitatis
221 1279 316 1342 etiam
338 1273 440 1360 gralia
462 1261 725 1360 disputetnesse.
763 1277 856 1354 Quod
878 1275 922 1341 ita
942 1297 1011 1344 esse
1035 1298 1099 1342 non
1117 1279 1248 1362 negabit

63 1382 115 1467 qui
145 1383 326 1467 dispexerit
354 1399 470 1446 nenurn
498 1383 553 1464 qni
580 1383 663 1446 inter
684 1383 768 1447 hunc
790 1379 914 1458 locum,
946 1399 1010 1465 quo
1039 1381 1245 1468 philosophus

65 1507 207 1551 summos
237 1481 430 1570 reipublicae
459 1483 660 1568 magistratus
683 1505 752 1550 esse
774 1484 892 1550 debere
911 1486 1061 1560 docetur,
1094 1484 1248 1570 illumque

62 1585 247 1668 intercedit,
278 1609 342 1672 quo
364 1590 614 1674 Thrasymachus
637 1586 754 1652 iustum
777 1604 863 1663 ense,
896 1587 1145 1674 quodomnium
1170 1588 1246 1655 ciri·

64 1701 163 1758 tatum
195 1700 228 1756 et
252 1691 426 1776 tyrannidis
457 1693 552 1772 ctiam
580 1690 740 1776 principes
761 1690 863 1754 velint
883 1699 916 1756 et
936 1693 1080 1768 iubeant,
1114 1691 1246 1758 demon·

64 1805 165 1862 strare
189 1803 332 1860 conatur.
385 1794 524 1860 Similem
553 1794 690 1886 partium
718 1793 834 1876 ¹Operis
864 1795 1131 1872 convenientiam,
1158 1796 1244 1880 qnod

63 1900 160 1966 mode
184 1897 438 1982 significavimus,
460 1899 492 1962 in
512 1896 554 1962 iis
575 1915 656 1980 quae
676 1915 707 1981 p.
731 1900 804 1972 501,
827 1906 863 1964 Δ.
886 1897 1245 1981 legunturanimatlrer·

65 2012 132 2070 tere
156 2002 242 2068 licet.
289 2005 367 2066 Nam
389 2000 533 2087 quodibi
548 1999 745 2086 philosophis
760 1999 917 2065 civitatem
933 2001 1141 2068 condentibus
1159 2021 1246 2092 ccm-

64 2104 198 2172 mendat
217 2108 372 2180 Socrates,
394 2103 426 2170 id
449 2105 518 2188 inse
534 2112 626 2170 antea
636 2095 799 2176 effecerat.
845 2101 891 2170 cf.
912 2103 1030 2174 liinil.
1054 2125 1089 2190 p.
1113 2109 1185 2183 372,
1209 2107 1243 2172 C.

64 2231 134 2298 sqq.
168 2213 224 2274 Ill.
252 2227 287 2294 p.
312 2211 389 2283 399,
423 2212 460 2273 Ε.
505 2212 551 2274 lta
577 2205 762 2292 intelligitur
788 2207 852 2274 iam
880 2207 954 2272 inde
982 2212 1022 2274 ab
1048 2209 1138 2276 initio
1166 2209 1245 2276 nihil

63 2313 149 2380 aliud
173 2311 275 2398 egisse
299 2314 472 2388 Socratem,
497 2331 591 2396 quam
613 2319 648 2378 ut
669 2309 828 2378 civitatem
849 2311 1242 2394 periectamdescrllreret.

151 2418 339 2484 Tenendum
360 2435 436 2481 vcro
457 2423 632 2501 praeterea,
662 2413 747 2499 quod
770 2414 864 2480 etlam
885 2418 946 2479 hnc
965 2415 1037 2482 loco
1055 2414 1129 2481 'fleri
1150 2437 1245 2500 posse

63 2522 145 2589 hanc
168 2519 326 2586 civitatem
347 2518 435 2583 Plato
450 2517 595 2588 affirmet.
639 2521 717 2582 Nam
731 2520 808 2603 quid
823 2517 908 2584 aliud
922 2521 984 2584 sibi
1000 2522 1112 2604 volunt
1124 2523 1241 2586 verba.

65 2619 183 2694 οὐδὲ
166 2651 186 2706 η
210 2617 403 2703 πολιτείαῇ
391 2617 430 2704 ἠν
451 2621 709 2748 μυθολογοῦμεν
731 2616 836 2713 λόγῳ,
859 2621 942 2714 ἔργῳ
965 2626 1058 2702 τέλος
1079 2618 1243 2718 ληψεταις

68 2720 174 2797 Οὗτοι
193 2734 255 2816 μὲν
277 2727 399 2807 τοίνυν,
422 2711 556 2807 ἦνδ’3
540 2721 616 2811 cycl,
639 2725 739 2790 τοῦτο
761 2730 989 2848 πεπεισμένοι
989 2725 1099 2794 ἔστων·
1122 2730 1243 2796 τοῦδε

64 2837 106 2900 δὲ
92 2823 665 2921 ὲπὲριτίςᾶμιμισβητήσει,
696 2822 746 2905 ὡς
777 2823 850 2895 οὐκ
876 2824 1245 2918 ἂντυχοιενμινό-

64 2959 189 3025 μενοι
209 2931 459 3020 βασιλέων”
441 2955 609 3018 εκγονοι
631 2958 651 3011 η
645 2928 886 3026 δυναστῶν
907 2931 976 3012 τὰς
999 2955 1148 3026 φυσεις
1171 2961 1244 3026 φι-

65 3035 266 3132 λόσοφοις
299 3029 388 3104 Οὐδ’
420 3031 469 3102 ἂν
498 3027 572 3115 εἷς,
601 3034 685 3124 ἔφη.
734 3030 971 3113 Τοιούτους
1001 3040 1044 3102 δὲ
1072 3043 1245 3124 γενομέ-

64 3169 166 3220 νους
188 3135 237 3220 ὡς
257 3135 385 3220 πολλὴ
408 3133 561 3224 ἀνάγκη
584 3138 895 3230 διαφθαρῆναι,
913 3138 993 3226 ἔχει
1015 3163 1077 3218 τις
1099 3143 1243 3227 λέγεινς

65 3243 113 3327 ὡς
135 3252 209 3333 μὲν
230 3240 307 3332 γὰρ
326 3238 507 3330 χαλεπὸν
530 3242 743 3322 σωθῆναι,
771 3247 841 3308 καὶ
864 3236 982 3327 ἡμεῖς
1003 3243 1242 3334 ξυμχωροῦ·

63 3366 156 3438 μιν·
186 3342 235 3426 ὡς
263 3348 342 3412 δὲ’
327 3371 366 3412 εν
388 3350 512 3412 πιιντὶ
535 3345 588 3435 τῷ
606 3339 733 3436 χρόνῳ
764 3346 840 3412 τῶν
865 3340 1030 3414 πάντων
1058 3343 1240 3415 ovdiaor'

65 3448 151 3522 οὐδ’
176 3443 505 3530 ἂνεῖςσωθείη,
532 3443 617 3514 ὲσθ
650 3438 765 3526 ὅστις
791 3444 1130 3541 ἀμφισβητήσεις
1158 3452 1242 3517 Καὶ

64 3560 165 3639 πῶς,-
198 3549 326 3622 Αλλα
351 3577 443 3638 μην
478 3547 585 3634 ι’]νδ
616 3547 706 3637 ἐγὼ,
740 3575 798 3629 εις
826 3556 971 3630 ικανος
997 3577 1240 3641 μενομτνος

64 3658 189 3729 πόλιν
221 3657 319 3744 ἔχων
349 3657 630 3744 πειθομένην,
666 3650 775 3722 πανὲ
811 3657 1054 3722 ἐπιτελέσαι
1086 3653 1137 3722 τὰ
1167 3659 1246 3726 νῦν

65 3753 370 3848 ἀπιστουμενα.
409 3754 567 3836 Ικανὸς
588 3755 676 3846 γὰρ,
699 3758 783 3847 ἐφη.
818 3754 1043 3848 ’Ἁψρχοντος
1064 3756 1137 3850 γάρ
1158 3786 1244 3847 που,

65 3859 111 3954 ἦν
143 3863 176 3936 δ’
209 3862 301 3951 ἐγὼ,
333 3867 536 3940 τιθέντος
564 3858 659 3938 τούς
684 3857 838 3947 νόμους
859 3867 926 3944 καὶ
949 3859 997 3928 τὰ
1019 3860 1241 3946 ἐπιτηδεύ-

64 3998 189 4062 ματα,
212 3962 235 4035 d
257 3962 581 4053 διεληλύθαμεν
603 3960 648 4034 οὐ
672 3960 718 4046 δή
740 3989 816 4032 που
838 3959 1052 4033 ἀδύνατον
1074 3969 1242 4036 ἐθέλειν

62 4081 202 4146 ποιειν
238 4094 334 4164 τους
370 4071 554 4148 πολίτας.
612 4063 703 4144 Οὐδ’
740 4063 986 4137 ὁπωστιοῦν.
1036 4065 1162 4139 Ἀλλὰ
1193 4067 1240 4152 δὴ

65 4175 185 4268 σι’περ
201 4171 293 4266 ἡμῖν
326 4175 454 4254 δοκεῖ,
491 4168 634 4254 δόξαι
644 4177 710 4238 ναι
743 4167 888 4250 αλλοις
915 4165 1178 4260 θαυμαστόν
1201 4197 1241 4239 τι

65 4276 384 4362 xuiddvrarov5
411 4272 488 4344 Oua
510 4299 806 4366 οιιιαιεγιομε,
817 4262 934 4358 ηδ
915 4303 966 4356 ος.
1009 4280 1080 4344 Καὶ
1098 4301 1165 4366 ην
1187 4299 1240 4343 οτι

1032 4385 1071 4446 13
