3312 5238
884 386 1100 458 *aaa

337 573 344 586 ·
396 551 484 616 addit
509 551 674 627 Socrates,
706 567 761 616 eos
785 569 826 615 na
850 555 1031 618 mercedem
1056 551 1182 639 quidem
1204 555 1334 636 practer
1357 546 1474 615 victum
1492 547 1562 614 acci·
1630 541 1631 544 ’

396 675 484 742 pere,
504 673 566 718 nec
586 653 683 718 licere
704 654 753 730 iis,
776 655 803 719 si
824 658 1024 741 peregrinari
1044 654 1152 732 velint,
1174 655 1348 729 discedere,
1373 673 1433 718 nec
1454 654 1560 731 amieis,

397 758 560 847 ἑταίραις,
585 759 720 834 donare,
743 777 802 822 nec
824 768 960 824 sumtum
983 759 1087 826 facere
1108 763 1142 824 in
1164 758 1225 824 alia
1246 760 1272 822 si
1293 757 1401 832 velint,
1426 760 1563 842 quemad·
1630 763 1631 784 ¹

397 861 526 928 modum
547 862 653 926 faeere
673 861 796 927 soleant
823 864 878 948 qui
906 861 991 930 beati
1012 871 1171 948 putentur.
1214 865 1300 928 llaec
1322 869 1355 925 et
1376 859 1473 924 multa
1492 861 1564 924 eius·
1630 851 1631 904 ἓ

396 965 484 1032 modi
513 965 575 1030 alia
602 967 676 1030 addi
704 963 809 1030 adhuc
839 986 934 1049 posse
963 967 1164 1033 accusationi.
1214 965 1439 1030 Defensionem
1474 983 1562 1038 vero,

397 1073 553 1156 quemad
573 1073 653 1134 haec
674 1071 779 1134 omnia
798 1071 923 1146 haheat,
948 1070 1030 1136 hanc
1045 1091 1131 1136 esse:
1157 1070 1291 1158 ἐροῦμεν
1312 1064 1388 1158 γὰρ,
1410 1058 1461 1132 ότι
1483 1070 1565 1133 θαν-

395 1168 526 1260 μαστόν
546 1179 606 1259 μὲν
628 1167 670 1238 ἂν
692 1167 835 1238 odee’c
810 1175 875 1252 είη,
903 1168 934 1239 εἰ
960 1179 1017 1240 καὶ
1045 1163 1139 1240 οὗτοι
1162 1163 1265 1250 οὕτως
1287 1167 1565 1291 εόδαιμονὲστατοὶ

397 1272 493 1356 εἰσιν,
525 1271 608 1362 orlaa
612 1282 656 1342 ἐν
667 1272 751 1365 πρὸς
770 1275 870 1342 τοῦτο
892 1279 1068 1362 βλέποντες
1089 1272 1149 1357 τὴν
1171 1269 1267 1342 πόλιν
1286 1259 1506 1361 οἰκίζομεν,“
1488 1297 1565 1352 οπως

286 1379 291 1391 ’
398 1383 431 1448 ἕν
459 1403 492 1446 τι
521 1373 598 1465 ἡμῖν
627 1377 777 1456 ἕθνος”
758 1401 851 1446 εστοιι
874 1375 1099 1472 διαφερόντως
1120 1375 1292 1466 εὔδαιμον,
1320 1373 1426 1444 ἀλλΗ
1416 1368 1502 1455 όποις
1522 1367 1566 1442 ότι

396 1478 545 1570 μάλιστα
568 1472 668 1562 ὅλη“
651 1507 670 1562 η
694 1476 807 1558 πόλις·
832 1477 992 1582 ᾠήθημεν
1013 1479 1078 1572 γὰρ
1101 1483 1134 1547 ἐν
1156 1482 1195 1576 τῇ
1217 1475 1354 1574 τοιαύτῃ
1374 1475 1552 1566 μάλιστα“
1533 1503 1567 1545 ον

398 1580 503 1674 εὑρεῖν
524 1579 738 1666 δικαιοσύνην
760 1590 815 1651 και
830 1583 873 1651 οὐ
888 1586 922 1652 ἐν
938 1587 977 1680 τῇ
991 1582 1133 1652 κάκιστοι
1148 1581 1320 1678 οἰκουμένη
1331 1579 1474 1662 ἆὸικίαν,
1486 1607 1566 1649 κοτι-

398 1683 566 1766 δόντεςὲ
531 1689 566 1753 δὲ
588 1711 698 1776 κριναι
721 1682 762 1753 ἂν
781 1681 799 1753 ὃ
795 1681 921 1754 πάλαι
935 1689 1101 1774 ζητοῦμεν.
1123 1688 1180 1754 νῦν
1194 1695 1253 1775 μὲν
1269 1675 1337 1767 οὖν,
1360 1682 1403 1764 ὡς
1420 1681 1566 1772 οἰόμεθα,

397 1789 457 1884 τὴν
490 1786 670 1878 εὐδαίμονα
701 1786 889 1877 πλάττομεν
922 1788 981 1858 οὐκ
1012 1785 1238 1883 ἀπολαβόντες
1269 1786 1446 1875 dliyovr’
1431 1813 1464 1856 εν
1495 1785 1567 1882 αὐτῇ

398 1887 571 1972 τοιούτους
598 1889 690 1972 τινὰς
719 1898 888 1976 τιθέντες,
919 1889 988 1962 ἀλλ’
1019 1885 1115 1976 ὅλην·
1147 1891 1265 1961 αὐτίκα
1287 1895 1322 1959 δὲ
1346 1889 1403 1974 τὴν
1432 1893 1567 1960 ἐναντίον

398 1993 612 2091 σκεψόμεθα.
643 1999 689 2061 ef.
704 2019 735 2084 p.
751 1999 822 2073 llo,
838 2003 874 2067 B.
905 2000 1010 2078 Quum
1025 2002 1171 2065 Socrates
1185 2001 1301 2065 mirum
1315 2017 1381 2063 non
1396 1999 1469 2064 fore
1483 2000 1566 2072 dicat,
1629 2047 1631 2072 ,

397 2105 424 2169 si
445 2101 479 2167 hi
501 2103 594 2167 etiam
608 2103 653 2165 ita
667 2100 840 2180 beatissimi
855 2103 926 2176 siut,
949 2124 1024 2168 uum
1037 2107 1150 2188 ¹potest
1171 2102 1264 2168 aliam
1280 2100 1320 2168 ob
1336 2101 1448 2168 oculos
1462 2097 1566 2168 habere

396 2203 597 2278 beatitatem,
629 2224 723 2292 quam
752 2225 833 2290 quae
864 2225 935 2270 cum
964 2205 1082 2272 iustitia
1111 2206 1292 2272 necessario
1318 2195 1489 2272 'coniuncta
1509 2209 1567 2270 est?

398 2313 515 2374 Iustam
532 2307 629 2394 igitur
650 2315 722 2372 ante
743 2309 849 2380 omnia
866 2308 933 2376 vult
948 2330 1016 2374 esse
1038 2312 1211 2387 civitatem,
1235 2313 1426 2396 gaudentem
1441 2331 1505 2375 nou
1517 2307 1567 2373 alia

397 2411 556 2488 beatitate,
580 2433 675 2498 quam
698 2433 779 2498 quae
802 2433 873 2478 cum
895 2415 1013 2480 iustitia
1035 2413 1200 2480 coniuncta
1221 2416 1271 2480 sit.
1313 2415 1414 2479 Porro
1431 2435 1525 2500 quum
1539 2433 1566 2476 se
1630 2405 1631 2476 Ϊ

398 2513 524 2582 beatam
557 2517 716 2582 civitatem
746 2523 778 2580 et
807 2519 934 2604 quidem
962 2519 1142 2584 universam
1170 2516 1244 2582 ideo
1272 2515 1392 2601 fingere
1422 2517 1566 2589 declaret,
1630 2503 1631 2580 ἶ

398 2621 549 2706 quoniam
577 2621 610 2684 in
638 2639 675 2684 ea
702 2619 851 2684 iustitiam
878 2641 912 2686 se
939 2623 1084 2716 reperire
1105 2641 1199 2708 posce
1221 2629 1344 2708 speret,
1378 2641 1485 2686 noune
1506 2618 1567 2684 satis
1630 2603 1631 2640 l

398 2745 511 2798 verum
543 2725 650 2808 operis
681 2722 777 2790 finem
805 2722 931 2808 aperit?
971 2728 1050 2790 Nam
1080 2742 1160 2809 quae
1182 2734 1230 2790 est
1251 2723 1363 2806 civitas
1384 2727 1493 2796 beata,
1524 2728 1569 2788 aut
1630 2727 1631 2748 ³

399 2812 484 2893 unde
506 2830 599 2892 beata
621 2824 772 2903 efficitur,
801 2809 861 2891 riisi
890 2847 929 2892 eo
958 2832 1043 2912 quod
1065 2827 1146 2892 iusta
1168 2835 1231 2900 est,
1259 2832 1292 2892 h.
1316 2849 1345 2892 e.
1368 2832 1408 2893 ad
1431 2828 1568 2892 iustitiam

399 2940 548 3016 tauquam
570 2927 611 2994 ad
633 2950 776 2994 normam
797 2932 900 2996 factat
931 2933 1022 2998 Prior
1043 2933 1140 3014 igitar
1159 2932 1277 2998 iustitia
1298 2953 1394 3018 quam
1409 2928 1568 2996 iustaoivi·

398 3043 447 3100 tas
473 3033 507 3099 h.
538 3036 699 3100 oleata.
744 3027 971 3100 Gravissimum
999 3042 1104 3100 autem
1135 3039 1195 3099 hoc
1221 3034 1315 3100 nobis
1345 3036 1566 3107 videturesse,
1630 3085 1631 3088 ,

400 3140 486 3225 quod
501 3139 561 3203 hoc
576 3140 704 3202 demum
719 3136 790 3203 loco
804 3140 993 3224 pronunciat
1008 3141 1165 3215 Socrates,
1191 3139 1277 3224 quod
1295 3145 1386 3204 autea
1400 3160 1466 3204 non
1478 3136 1568 3203 solun

400 3241 568 3318 celaverat,
593 3239 648 3306 sed
670 3229 842 3328 negav'erat
865 3242 971 3319 etiam,
996 3244 1050 3323 (cf.
1067 3261 1098 3328 p.
1111 3245 1185 3320 3⁷2,
1208 3242 1258 3322 E.)
1273 3261 1410 3316 omnem,
1435 3240 1489 3328 qui
1505 3239 1567 3304 inde

400 3343 523 3430 alibro
546 3347 684 3410 seeundo
706 3367 739 3434 p.
764 3349 837 3412 368.
862 3345 989 3412 habitus
1012 3354 1058 3412 est
1079 3367 1204 3432 sermo,
1234 3349 1275 3410 ad
1302 3348 1476 3429 perlectam
1503 3340 1570 3408 civi·
1630 3343 1631 3376 l

399 3456 496 3516 tatem
528 3447 698 3532 pertinere.
742 3453 822 3515 Nam
854 3471 895 3518 ue
921 3449 1121 3534 quaesivisse
1150 3471 1184 3516 se
1214 3448 1342 3534 quidem
1371 3448 1475 3516 adbuc
1504 3446 1569 3512 dicit

400 3552 563 3624 iustitiam.
605 3555 724 3620 Debuit
754 3555 851 3638 igitur
882 3556 933 3620 his
967 3561 1115 3638 tauquam
1147 3552 1287 3641 vestigiis
1315 3552 1348 3618 in
1377 3552 1462 3622 viam
1490 3546 1569 3637 quasi

340 3699 344 3713 »
402 3654 474 3722 duci
490 3655 601 3734 lector,
625 3655 681 3742 qui
702 3655 741 3722 dc
763 3657 905 3724 instituto
920 3677 1069 3723 sermone
1083 3665 1170 3722 recte
1184 3657 1327 3724 iudicare
1341 3655 1446 3725 vellet.
1476 3657 1569 3732 Quam

402 3767 495 3826 caute
516 3780 556 3826 eo
578 3770 610 3826 et
629 3770 778 3847 tanquam
800 3783 861 3846 per
882 3761 998 3845 gradus
1020 3761 1156 3826 declinet
1174 3759 1290 3836 oratio,
1314 3761 1379 3824 iam
1394 3767 1486 3824 autea
1499 3754 1569 3821 aui·

402 3881 490 3939 mus,
524 3883 582 3930 neo
614 3868 741 3931 videtur
772 3865 865 3932 facile
893 3865 963 3931 dari
989 3885 1082 3956 possa
1113 3864 1293 3948 exemplum
1322 3861 1452 3950 aliquod
1479 3856 1568 3942 magis

354 4017 356 4020 -
401 3965 539 4040 illustre,
572 3974 736 4055 magisque
766 3977 874 4056 aptum
903 3969 941 4034 ad
969 3969 1201 4056 cognoscendas
1233 3964 1351 4052 dialogi
1383 3966 1469 4050 leges
1501 3980 1568 4048 quas

403 4077 528 4136 secutus
551 4078 598 4137 est
618 4071 716 4138 Plato.
739 4072 861 4162 ‚Etiam
890 4071 931 4149 ii,
961 4073 1018 4159 qui
1044 4081 1185 4156 nostram
1213 4069 1252 4136 de
1282 4065 1390 4158 operis
1418 4067 1480 4134 fine
1508 4085 1569 4130 sen·

343 4182 349 4220 ¹
402 4170 535 4256 tentiam
556 4194 622 4240 noa
642 4179 799 4261 probent,
822 4179 898 4243 dara
920 4184 1089 4262 cogantur,
1112 4175 1146 4240 id
1167 4173 1280 4243 iecisse
1301 4173 1464 4246 Platonem
1484 4173 1566 4241 ideo,

402 4285 438 4344 ut
459 4298 565 4346 sermo
586 4286 706 4363 sponte.
720 4299 779 4346 sua
799 4283 977 4370 profluere,
1001 4280 1193 4348 non-dedita
1213 4292 1313 4364 opera
1333 4279 1490 4366 quaesitus
1507 4287 1568 4338 osae
