3298 5232
391 547 425 618 id
452 548 538 638 quod
558 549 592 616 in
614 552 674 618 boc
696 550 822 637 dialogo
844 559 1025 638 quaeratur,
1048 551 1296 638 llempbbbcam,
1317 587 1360 606 -
1381 554 1483 620 πλέον
1504 545 1567 644 γάρ

392 679 450 740 μοι
478 653 630 746 φαίνεται
656 651 785 736 ἢκατα
812 652 871 738 τὴν
898 658 1071 744 παροῦσαν
1098 652 1205 745 ὁρμὴν
1232 660 1415 750 ἐφικέσθαι
1446 653 1508 724 τσῦ
1534 681 1568 743 γε

393 757 568 837 δοκοῦντος
597 758 669 842 ἐμοὶ
695 754 736 824 τὰ
760 760 828 826 νῦν.
887 759 1039 826 Sufficere
1076 760 1161 826 euim
1196 759 1364 826 ridebatur
1403 764 1487 826 banc
1532 764 1570 826 de

392 858 477 928 bono
503 860 678 927 doctrinam
704 860 906 928 adumbrasse
935 865 998 940 ita,
1032 873 1068 930 ut
1096 884 1223 929 omnem
1251 863 1455 948 Reipublicae
1487 863 1572 930 ordi·

392 979 465 1030 nem
493 966 566 1030 inde
588 968 793 1050 repetendum
813 987 893 1032 erse
920 973 1054 1052 pateret.
1097 967 1252 1034 Videntur
1272 969 1369 1052 igitur
1383 972 1476 1033 baec
1503 989 1572 1032 eam

392 1070 590 1154 potissimum
613 1071 655 1134 ob
682 1089 808 1136 causam
826 1090 890 1135 non
916 1073 1092 1136 accuratius
1111 1071 1264 1155 indagata
1283 1091 1372 1147 esse,
1401 1092 1444 1136 ne
1465 1071 1571 1136 aliena

393 1171 521 1255 dialogo
538 1171 751 1251 immisceret3
780 1171 954 1259 eademque
974 1194 1069 1239 causa
1090 1181 1138 1240 ert
1158 1195 1215 1240 cur
1235 1179 1313 1240 baec
1335 1171 1512 1260 disputatio
1534 1179 1572 1240 ad

392 1273 492 1345 filium
508 1273 596 1354 boni,
619 1285 716 1361 quem
734 1276 887 1353 nominat,
910 1298 975 1342 non
996 1281 1035 1342 ad
1057 1277 1161 1361 ipsum
1172 1277 1296 1344 ‘bonum
1318 1280 1476 1363 pertinet3
1499 1299 1571 1342 nam
1632 1277 1633 1300 ³

392 1383 451 1446 bac
481 1378 617 1464 imagine
651 1380 781 1465 egregie
813 1379 1030 1446 illustrabatur
1058 1382 1093 1447 id
1121 1386 1206 1466 quod
1237 1381 1390 1452 illustrari
1427 1381 1569 1446 volebat.

393 1484 461 1548 Nisi
484 1503 537 1548 res
566 1485 610 1548 ita
637 1504 671 1548 sa
701 1482 848 1561 baberet,
880 1486 941 1549 nisi
959 1485 1067 1568 ipsius
1093 1483 1211 1569 dialogi
1231 1483 1303 1551 linis
1328 1491 1364 1550 et
1380 1486 1570 1568 compon'tio

393 1594 529 1661 vetaret,
566 1605 630 1670 quo
658 1586 761 1652 minus
782 1592 861 1654 baec
881 1610 936 1653 res
949 1587 1101 1662 omnium
1126 1581 1308 1654 difficillima
1330 1597 1363 1652 ct
1385 1590 1570 1674 gravissima

393 1688 518 1776 plenius
549 1690 779 1776 explicaretur,
809 1696 839 1758 si
871 1691 977 1757 omnia
1000 1713 1088 1777 quae
1113 1691 1178 1758 buc
1202 1709 1305 1777 usqm
1332 1691 1372 1759 de
1398 1691 1569 1757 mulierum

393 1791 631 1878 liberorumque
654 1797 896 1875 communione,
920 1794 962 1860 de
984 1795 1179 1882 pbilosophis
1200 1797 1457 1880 magistratibus,
1493 1794 1567 1869 alia,

393 1899 575 1972 dictasunt,
599 1907 799 1964 remensem
823 1890 1000 1978 ἐπεισόδια,
1021 1918 1081 1985 pro
1103 1898 1212 1966 lubitu
1226 1898 1343 1974 addite,
1367 1905 1399 1964 et
1417 1898 1490 1964 sine
1508 1897 1569 1963 ullo

393 2003 581 2066 detrimento
600 2021 710 2068 earum
721 2023 863 2075 rerum,
878 2011 960 2087 qua‘e
978 2003 1012 2066 in
1037 2004 1099 2067 hoc
1122 2001 1248 2088 dialogo
1270 2023 1347 2068 vero
1363 2009 1568 2088 quaerantur,

393 2111 482 2170 recte
500 2105 682 2180 omittenda,
704 2107 782 2190 quid
802 2100 1001 2188 prohibuisse
1012 2105 1181 2172 :Platonem
1203 2114 1361 2193 putemus,
1385 2125 1450 2191 quo
1466 2108 1570 2170 minna

394 2211 455 2277 boc
474 2226 601 2293 quoqne
622 2211 665 2272 de
685 2207 757 2274 idea
776 2205 853 2280 boni
875 2200 1065 2289 ἐπεισόδιοι,
1088 2229 1147 2296 per
1166 2231 1200 2276 se
1220 2211 1314 2295 louge
1333 2211 1465 2294 gravius
1478 2227 1569 2294 wan

394 2319 518 2386 cetero,
552 2319 588 2376 ut
607 2311 729 2398 reliqua
755 2332 796 2378 ex
819 2315 905 2378 muni
927 2321 1018 2396 parte
1042 2309 1225 2400 perliceret,
1258 2316 1303 2378 ita
1326 2314 1422 2380 etiam
1449 2314 1570 2377 sadala-

396 2423 502 2481 oturue
532 2418 641 2482 nostri
667 2415 736 2482 aeri
751 2489 754 2496 p
770 2419 979 2502 interpretum
1008 2419 1187 2492 desiderio,
1224 2435 1359 2504 quorum
1386 2424 1494 2482 tantas
1523 2417 1569 2480 bic
1632 2497 1633 2500 Ἴ

394 2522 462 2606 ipae
488 2522 577 2584 locus
601 2522 701 2585 movit
725 2520 963 2589 contentiones?
982 2561 985 2570 .
1005 2521 1083 2589 Nam
1109 2519 1257 2586 babuisse
1272 2523 1448 2586 :socratem
1470 2521 1569 2584 etiam

394 2621 580 2690 interiorem
609 2627 701 2689 buius
722 2623 779 2688 rei
802 2624 1032 2708 coguitionem,
1071 2641 1152 2711 quae
1165 2616 1337 2689 'tamenin
1351 2621 1421 2688 'hoe
1445 2625 1488 2686 de
1513 2625 1571 2686 Re-

395 2724 520 2812 publica
539 2733 685 2792 ammone
702 2731 913 2813 expromenda
935 2725 1000 2793 non
1011 2729 1070 2803 sit,
1084 2723 1207 2813 aperta
1224 2729 1338 2792 (ludent
1353 2723 1437 2792 liaeo
1449 2723 1567 2791 verba:
1632 2711 1633 2772 ἶ

269 2825 272 2832 ’
395 2832 493 2898 πλέον
514 2824 579 2919 γάρ
598 2855 657 2915 μοι
680 2827 876 2921 epulentati}
898 2828 986 2898 κατὰ
1006 2827 1065 2912 τὴν
1079 2824 1373 2918 nanduino-opperiar
1386 2831 1569 2916 ἐφικέσθαι

395 2934 455 3000 τοῦ
477 2957 512 3018 ye
534 2934 711 3012 δοκοῦντος
733 2935 811 3021 ἐμοι
827 2931 864 3000 ui
888 2935 955 3002 νῦν.
998 2931 1131 3000 Tantam
1153 2935 1250 3018 igitur
1272 2929 1371 3010 abest,
1395 2934 1492 2998 utin
1512 2937 1570 2998 hnc

390 3035 523 3122 ‘dialogo
547 3055 653 3102 sermo
673 3037 713 3102 ad
730 3037 959 3104 alieuaomiria
981 3037 1189 3104 delabaturet
1201 3045 1299 3113 erret,
1320 3037 1517 3122 utuapienti,
1539 3041 1571 3102 iu

394 3140 472 3227 ipsis
495 3142 824 3225 gravissimiseebus,
850 3144 928 3210 etsi
948 3139 1066 3207 inantia
1079 3148 1292 3227 quaereretur
1305 3140 1506 3217 necessariis,
1530 3143 1568 3204 cl.

395 3263 427 3328 pc
441 3248 515 3320 506,
540 3249 588 3319 Α.,
612 3246 660 3310 uti
677 3244 900 3331 philosophum
917 3244 1079 3310 rideamus
1096 3243 1338 3310 moderatione·
1371 3245 1422 3309 Cf.
1444 3242 1501 3309 lib.
1519 3246 1570 3308 lv.

395 3367 428 3434 p.
445 3349 520 3424 too,
533 3351 582 3412 l).
601 3349 646 3412 St.
665 3354 790 3432 atquae
805 3351 929 3412 adeum
945 3347 1048 3412 locum
1068 3348 1215 3414 diximus.
1247 3349 1456 3414 llinoantem
1468 3349 1572 3434 seqni-

396 3460 460 3528 tur,
481 3452 586 3518 omnia
597 3471 680 3536 quae
694 3472 769 3517 vere
785 3450 939 3536 explicata
953 3460 1026 3517 sunt
1042 3450 1226 3516 non'aliena
1240 3469 1312 3528 ease
1329 3471 1349 3513 a
1363 3448 1483 3534 dialogi
1497 3449 1570 3525 line,

397 3564 429 3620 et
454 3553 598 3621 firmetur
621 3553 670 3619 luis
698 3553 793 3618 etiam
807 3561 924 3619 nocua
949 3557 989 3620 de
1013 3553 1131 3640 dialogi
1156 3554 1218 3620 fine
1240 3553 1406 3619 sententia.
1451 3556 1571 3618 Eodem
1632 3599 1633 3604 ι

398 3658 484 3724 ducit
507 3659 557 3733 id,
595 3659 679 3744 quod
709 3656 732 3722 ii
757 3656 943 3742 quibuscum
966 3661 1110 3724 Socrates
1135 3658 1327 3742 colloquitur
1348 3662 1436 3722 certo
1460 3677 1573 3743 exspe-
1632 3643 1633 3646 ¹

397 3769 490 3841 etant,
512 3781 585 3828 eum
603 3763 832 3828 accuratiorem
851 3763 946 3826 etiam
966 3763 1058 3828 buius
1069 3764 1124 3826 'roi
1146 3759 1322 3828 doctrinam
1341 3759 1572 3846 explicaturum

398 3885 468 3930 esee
492 3865 554 3932 alio
582 3875 723 3950 tempore
745 3896 787 3914 ·-—
802 3859 967 3941 ιίσαῦθις
994 3862 1059 3953 γὰρ
1089 3867 1147 3932 τοῦ
1176 3862 1302 3954 πατρὸς
1323 3859 1495 3941 ἀποτίσεις
1516 3860 1572 3944 τὴν

399 3961 558 4051 διήγησιν.
601 3968 743 4052 Sapienti
765 3966 1108 4052 igitur-nocentiore
1129 3989 1222 4042 neus,
1252 3987 1375 4034 memor
1399 3971 1486 4032 bunc
1510 3987 1574 4031 ser-

397 4081 525 4138 monem
546 4073 579 4136 in
601 4072 779 4157 Republica·
798 4072 937 4146 versari,
967 4094 1026 4137 nee
1050 4072 1150 4138 voluit
1173 4071 1206 4136 in
1226 4071 1311 4136 buno
1330 4073 1437 4136 locum
1459 4091 1575 4154 conge·

397 4195 469 4242 rere
495 4176 601 4239 omnia
627 4195 772 4258 eaquae
800 4175 833 4237 in
863 4172 931 4239 aliis
954 4177 1092 4262 seriptis,
1116 4173 1311 4251 Parmenide,
1336 4173 1494 4257 Sophiste,
1521 4167 1575 4240 dei

397 4278 463 4345 dita
478 4282 572 4345 etiam
588 4273 686 4363 opera
702 4281 741 4344 de
753 4277 895 4344 idearum
909 4281 1053 4346 doctrina
1067 4281 1269 4356 disseruerat,
1285 4299 1346 4346 nec
1359 4277 1573 4351 necesarium
