3296 5232
860 385 1092 456 ..258-

387 548 420 612 et
436 541 633 628 stipularum
650 541 814 612 bominum
831 541 989 628 origiuem
1009 551 1104 629 atque
1125 550 1271 611 naturam
1293 563 1333 610 eo
1354 541 1476 612 uatum
1490 563 1570 610 cou-

389 646 460 721 silio
485 647 574 718 Plato
602 645 788 732 descripsit,
828 647 981 733 quoniam
1010 646 1172 714 civitatum
1200 647 1292 732 origo
1319 654 1352 714 et
1379 656 1496 716 natura
1530 648 1572 716 ita

387 749 502 819 melius
522 749 655 836 intelligi
678 770 772 837 posse
798 749 974 826 videretur.
1008 759 1040 816 ct
1060 752 1303 838 paycbologice,
1329 759 1364 818 ut
1385 753 1430 818 ita
1453 751 1570 828 dicam,

388 854 612 941 explicaretur.
656 855 796 922 Pertinet
822 853 921 938 igitur
941 853 982 920 ad
1002 875 1072 922 eam
1095 875 1222 944 quoquc
1249 853 1501 942 disputationem
1528 864 1573 941 ty·

385 958 508 1040 raurici
537 960 598 1026 viri
627 957 815 1045 descriptio,
856 957 913 1024 sed
945 980 1043 1043 quum
1074 958 1274 1044 tyrannidem
1307 958 1431 1044 ipsam,
1476 979 1571 1046 quam

387 1060 606 1148 quaosdoncm
631 1061 670 1128 dc
688 1067 854 1147 tyrannico
873 1061 1002 1128 bomine
1026 1061 1198 1146 disputatio
1225 1063 1346 1128 tantum
1369 1062 1573 1147 aliquatenus

386 1163 571 1244 adiuuabat,
604 1165 827 1250 ,descripsisset
853 1164 959 1244 Plato,
992 1167 1025 1234 id
1053 1169 1140 1250 quod
1167 1165 1337 1252 praecipue
1365 1165 1572 1252 propositum

386 1277 455 1340 erat
486 1270 562 1348 huic
585 1268 669 1341 libro
698 1289 853 1356 quaerere
878 1272 918 1334 ad
949 1267 1044 1334 tinem
1075 1268 1244 1338 deductum
1274 1278 1355 1335 erat.
1402 1269 1571 1336 Clauditur

258 1405 260 1408 ·
385 1374 484 1458 igitur
512 1382 642 1443 octavlu
670 1372 754 1450 liber
782 1372 833 1438 bis
861 1371 984 1440 verbis:
1028 1373 1069 1440 Ti
1095 1359 1171 1456 crisa
1200 1363 1301 1440 ciarev·
1334 1367 1395 1440 οὐκ
1427 1373 1574 1460 ἐμμελῶς

385 1473 463 1564 ἡμῖν
485 1472 663 1568 εἰρήσεται,
684 1473 741 1542 ἐὰν
762 1475 1015 1568 φῶμεν·ὶκανῶς
1036 1477 1287 1558 διεληλυθέναι,
1312 1470 1355 1554 ὡς
1375 1477 1574 1564 μεταβαίνει

386 1585 541 1667 τυραννὶς
561 1581 597 1650 ἐκ
618 1581 842 1666 δημοκρατίας
858 1580 1018 1665 γενομένη
1041 1603 1074 1646 re
1098 1575 1153 1646 οἵα
1175 1581 1260 1661 ἐστὶς
1291 1575 1389 1648 Πάνυ
1421 1587 1488 1667 μὲν
1520 1565 1573 1646 οὖν

387 1686 515 1765 ἱκανῶς,
538 1683 613 1775 ἔφη.
656 1682 806 1750 Prudenti
829 1680 926 1768 igilur
948 1684 1076 1762 iudicio,
1101 1691 1352 1768 argumentoque
1373 1685 1478 1750 totius
1503 1703 1574 1770 ope·

386 1790 434 1870 ris
455 1795 487 1858 et
508 1787 602 1862 buius
623 1785 699 1853 libri
721 1786 959 1864 convenienter,
982 1785 1079 1872 idque
1100 1786 1206 1871 ipsum
1220 1787 1264 1852 ita
1278 1785 1435 1864 indicans,
1461 1795 1573 1853 auctor

387 1890 483 1986 linem
505 1889 581 1970 libri
602 1887 663 1962 boc
683 1890 755 1965 loco
778 1889 948 1957 constituit.
990 1893 1032 1956 Et
1053 1913 1094 1958 ex
1116 1911 1153 1957 ea
1175 1893 1251 1984 ipsa¹
1264 1911 1311 1966 re,
1335 1910 1458 1976 exque
1477 1890 1573 1958 inter-

387 2004 495 2082 pretes
516 1995 712 2080 collegerunt
730 2013 795 2068 nou
816 1997 920 2082 ipsum
942 1992 1103 2064 Platonem
1125 2015 1206 2081 opus
1232 2013 1324 2064 suunt
1345 1993 1379 2060 in
1399 1993 1509 2062 libros
1530 1993 1572 2060 di·

383 2099 496 2164 visissc
543 2098 645 2165 videri
653 2145 666 2174 1,
707 2097 800 2164 nobis
828 2100 1021 2184 contrarium
1050 2107 1136 2170 recte
1165 2097 1271 2184 colligi
1299 2117 1395 2183 posse
1430 2100 1570 2165 videtur.

390 2199 470 2267 Nam
491 2200 552 2268 nisi
574 2201 681 2278 Plato,
715 2199 771 2266 sed
800 2201 879 2266 alius
908 2200 1064 2286 quispiam
1092 2202 1186 2268 buius
1209 2200 1441 2268 distributionis
1462 2213 1572 2270 auctor

388 2313 480 2379 esset,
494 2306 580 2392 ,quid
594 2306 726 2392 propius
740 2312 820 2381 erat,
844 2311 899 2373 aut
913 2307 988 2394 quid
1003 2304 1103 2390 magis
1118 2308 1295 2390 exspectari
1309 2314 1447 2391 poterat,
1476 2327 1568 2392 quam

285 2467 291 2478 ,
388 2416 424 2475 ut
444 2411 472 2474 is
495 2408 589 2474 etiam
610 2409 764 2497 tyrannici
785 2406 1115 2495 viridescriptionem
1140 2415 1253 2475 octavo
1273 2408 1359 2476 libro
1382 2408 1523 2476 adderet
1543 2418 1572 2476 et

387 2511 505 2578 librum
527 2511 571 2577 ita
591 2509 717 2577 finiret?
761 2513 823 2578 Pro
853 2531 892 2577 co
920 2514 1023 2598 ipsum
1042 2512 1229 2602 ¹Platonem,
1265 2534 1362 2599 quum
1391 2515 1473 2580 noni
1503 2513 1571 2580 libri

389 2614 462 2685 linis
479 2615 524 2684 sit
544 2635 713 2702 quaerere,
735 2623 842 2684 utrum
855 2624 994 2702 praestet
1006 2621 1124 2682 iustum
1140 2638 1211 2684 esse
1223 2638 1264 2683 an
1278 2616 1444 2694 iniustum,
1473 2638 1571 2705 caque

390 2722 534 2808 quaestio
568 2719 704 2814 maxime
737 2719 771 2786 in
798 2719 954 2806 tyrannici
988 2722 1125 2791 bominis
1160 2721 1374 2808 descriptione
1406 2719 1570 2805 nicatori,

375 2831 462 2909 ‘apte
494 2826 575 2890 hano
605 2830 727 2908 partem
759 2823 980 2910 disputationis
1010 2823 1044 2890 iu
1075 2845 1195 2892 nonum
1222 2825 1341 2891 librum
1369 2824 1571 2892 transtulisse
1636 2907 1637 2912 ἵ

388 2925 555 2997 iudicabit.
600 2928 727 3004 Quare
750 2926 1049 3014 id‘assequcbatun
1081 2936 1117 2992 ut
1138 2928 1253 3014 singuli
1275 2928 1434 2993 librincc
1454 2928 1571 2994 avelle·

390 3039 501 3110 rentur
529 3051 551 3098 a
576 3050 646 3101 sese
670 3041 852 3118 magnoque
879 3031 970 3098 hiatu
999 3034 1168 3110 disurent,
1204 3052 1264 3098 uec
1285 3040 1393 3124 tanen
1412 3031 1570 3098 librorum

390 3133 515 3200 initium
542 3140 638 3220 atque
662 3134 736 3202 finis
764 3157 829 3202 nou
854 3156 913 3203 suo
941 3134 1012 3203 loco
1034 3135 1221 3202 constitutus
1240 3134 1417 3204 videretur.
1466 3135 1572 3202 Noluit

391 3237 477 3317 eum
497 3238 655 3311 librorum
677 3241 897 3306 commissuras
918 3238 963 3306 ita
984 3259 1139 3326 apparere
1168 3246 1204 3306 ut
1229 3239 1449 3323 singulorum,
1485 3237 1571 3326 quasi
1635 3263 1636 3354 p

391 3343 610 3416 membrorum
632 3343 795 3417 orationis,
818 3350 968 3428 tanquam
989 3363 1061 3410 ossa
1082 3353 1114 3410 et
1135 3343 1304 3428 ligamenta
1320 3341 1570 3418 denudarentur,

393 3449 449 3526 sad
469 3458 507 3512 ut
527 3454 610 3516 tecta
630 3454 735 3516 casem
754 3467 849 3512 carne
871 3453 904 3512 et
924 3453 1013 3524 cute,
1047 3467 1145 3534 mum
1168 3448 1235 3514 non
1265 3449 1369 3514 solum
1389 3456 1483 3514 rectu
1505 3467 1571 3512 esse

393 3550 488 3619 vellet
509 3568 591 3637 quae
612 3553 778 3626 scriberet,
802 3549 859 3616 sed
879 3551 974 3616 etiam
997 3553 1139 3636 pulchra.
1183 3553 1230 3615 lta
1245 3550 1498 3617 demonstratum
1514 3559 1571 3626 est,

392 3675 433 3732 ue
453 3659 513 3722 hac
533 3652 664 3742 quidem
685 3657 719 3722 in
739 3675 776 3723 re
797 3653 935 3724 Platonis
957 3655 1044 3739 Opus
1066 3675 1107 3720 cx
1128 3654 1311 3741 vulgaribus
1337 3654 1458 3724 artium
1480 3673 1571 3742 prae·
1634 3735 1635 3742 ἵ

396 3760 497 3843 ceptis
518 3758 721 3829 iudicandum
742 3779 825 3826 esse.
1299 3749 1316 3793 Ψ

405 3932 410 3941 ’
464 3918 488 3984 “)
507 3921 547 3975 Gt.
567 3921 843 3976 schlelermacherum
862 3933 889 3984 p.
908 3919 953 3974 50.
974 3925 1058 3977 artua
1084 3921 1261 3988 «Uultugbar
1279 3923 1313 3976 tat
1330 3921 1400 3978 wohl
1419 3922 1572 3984 uberhaupt

394 4011 441 4090 das
459 4010 519 4062 llllrl
539 4011 587 4065 der
603 4011 791 4080 tyauulscben
809 4009 896 4073 Secta,
915 4013 966 4066 uta
985 4013 1028 4066 tur
1045 4011 1089 4068 dte
1102 4025 1183 4078 gaure
1197 4012 1483 4078 Abrueckuagdleaes
1496 4013 1572 4065 Tbel-

392 4103 441 4167 les,
460 4099 551 4154 tudem
570 4115 598 4154 as
614 4103 642 4165 tc
661 4102 704 4154 dle
724 4101 874 4156 rotlandete
890 4100 1122 4167 Ungereclrttgkelt
1139 4101 1272 4166 durstellt,
1298 4103 1345 4155 dra
1363 4104 1530 4172 sichelgata,
1545 4115 1572 4156 aa

393 4193 464 4270 such
482 4194 510 4274 tn
528 4189 600 4252 allen
615 4191 756 4254 einzelnen
770 4191 861 4256 zugon
878 4190 926 4244 das
942 4193 1147 4266 colurneam.»

1508 5185 1512 5191 ,
1627 4987 1631 5192 l
