3296 5232
852 397 1118 476 '-ata-

417 568 452 637 hl
472 567 541 638 riri·
553 572 700 653 tanquam
722 566 863 652 expressi
884 576 966 644 suut,
987 589 1188 652 percensere.
1234 575 1367 636 Tantum
1384 557 1464 638 'vero
1481 576 1559 650 abest,

417 679 454 743 ut
480 672 641 762 Platonem
662 678 830 757 propterea
843 672 1139 755 reprehendamus,
1165 682 1201 738 ut
1223 677 1382 760 egregiam
1404 680 1467 741 eius
1485 683 1560 740 arten

416 778 621 852 admiremur,
646 795 710 860 qua
730 794 908 841 sermonem
930 777 974 841 ita
994 776 1138 854 instituit,
1163 787 1198 843 ut
1220 780 1259 842 de
1281 777 1451 864 Republica
1467 779 1559 856 dicens,

416 879 597 970 {iniustitia
621 880 741 946 eteius
768 881 960 955 commodis,
995 900 1033 944 re
1064 879 1229 963 avulgari
1253 883 1418 947 hominum
1444 901 1560 948 sermone

414 1004 482 1051 non
510 983 555 1052 ita
576 982 692 1058 aliena„
722 981 828 1048 dicere
850 984 1005 1048 videatur.
1050 986 1090 1048 Et
1114 982 1306 1050 laudandum
1334 984 1472 1060 videtur,
1498 985 1560 1071 prod

412 1087 458 1156 ita
481 1089 540 1154 vix
567 1084 834 1156 animadvertente
861 1083 996 1160 lectore,
1034 1085 1075 1151 ad
1104 1089 1246 1154 civitates
1275 1090 1381 1154 denuo
1411 1109 1560 1154 sermonen

412 1192 575 1269 transfert,
599 1189 749 1258 simulans
774 1211 808 1256 se
834 1191 984 1256 vitiorum
1008 1209 1125 1274 genera
1149 1199 1181 1256 et
1202 1193 1324 1278 species
1342 1191 1376 1256 in
1395 1190 1559 1266 hominibus,

413 1297 468 1380 qui
502 1298 544 1361 ad
574 1295 670 1362 instar
704 1292 899 1378 singularum
934 1293 1094 1360 civitatum
1129 1295 1204 1360 facti
1236 1297 1316 1368 sint,
1355 1296 1559 1379 indagatorum.

414 1401 522 1477 Quare
547 1419 646 1484 mum
672 1397 778 1473 Plato,
816 1404 852 1463 ut
881 1404 974 1464 antea
1002 1399 1153 1471 vidimus,
1189 1400 1338 1464 vitiorum
1372 1419 1485 1484 genera
1507 1405 1562 1485 quot

412 1505 478 1572 siut
519 1509 607 1569 recte
645 1500 804 1577 tenuerit,
849 1522 912 1565 nou
947 1500 1061 1565 horum
1100 1500 1249 1568 vitiorum
1289 1523 1383 1568 causa
1427 1502 1560 1576 civitates,

411 1610 469 1674 sed
491 1610 569 1674 haec
592 1607 670 1672 uitia
690 1605 850 1670 civitatum
877 1625 970 1669 causa
991 1606 1199 1688 descripsisse
1219 1609 1378 1689 putandus
1407 1614 1470 1681 est,
1501 1604 1561 1670 scili·
1608 1601 1609 1688 J

412 1717 464 1792 cet
490 1720 525 1778 ut
549 1716 688 1793 pateret,
723 1729 785 1794 qua
810 1709 843 1774 in
870 1728 907 1772 re
930 1711 1111 1794 quaerenda
1135 1717 1218 1774 esset
1243 1729 1336 1774 causa
1362 1717 1395 1774 et
1424 1709 1509 1793 origo
1530 1709 1561 1772 di·

411 1813 570 1882 versitatis
598 1815 779 1889 civitatum,
815 1819 847 1876 et
877 1813 1143 1896 quemadmodum
1173 1811 1212 1878 de
1241 1812 1375 1879 diversis
1402 1809 1560 1881 civitatihu

411 1921 500 2006 ipsis,
527 1917 687 1998 beatitatis
715 1914 823 1982 habita
846 1916 982 1992 ratione,
1009 1915 1209 1981 iudicandum
1232 1925 1325 1982 esset.
1370 1907 1467 1982 Vid'es
1489 1915 1560 1999 igitur

412 2029 529 2112 quauta
550 2029 617 2087 arte
639 2021 727 2086 Plato
756 2019 801 2084 sic
827 2027 939 2084 cuncta
974 2019 1205 2105 composuerit,
1247 2027 1283 2084 ut
1312 2021 1459 2107 proferre
1480 2023 1560 2105 posset

412 2115 519 2192 omnia
556 2145 637 2208 quae
667 2127 707 2188 ad
737 2122 911 2189 institutum
942 2143 1120 2189 sermonem
1149 2123 1188 2189 de
1215 2125 1342 2188 civitate
1372 2125 1558 2210 pertinerent,

411 2227 583 2313 afferrique
603 2235 708 2292 tamen
728 2233 848 2292 tantum
873 2223 1218 2292 viderentur'iustitiae
1243 2227 1448 2314 illustrandae
1473 2225 1557 2311 gratia.

412 2339 458 2399 Ac
486 2331 558 2398 vide
582 2331 663 2398 hanc
693 2330 879 2396 sententiam
908 2337 1048 2396 nostram
1079 2329 1279 2417 comprobari
1307 2333 1356 2396 his
1382 2331 1560 2396 Schleierna·

411 2437 649 2502 choriambis:
679 2469 722 2487 -
742 2466 784 2484 -
807 2469 845 2484 -
868 2469 909 2484 -
931 2454 968 2500 so
989 2436 1071 2500 aieht
1087 2455 1160 2499 man
1179 2433 1241 2501 wie
1260 2431 1316 2499 das
1336 2434 1508 2501 Verfalrren
1525 2429 1559 2495 lei

411 2543 624 2624 Batrachtung
648 2539 707 2605 der
730 2535 862 2624 Tugend
882 2541 944 2603 den
967 2537 1052 2602 Stant
1073 2538 1119 2603 als
1141 2541 1197 2603 das
1212 2543 1445 2623 grossetanam
1461 2536 1559 2602 Gruudc

411 2667 453 2710 ru
473 2644 577 2729 legen,
601 2645 664 2710 wie
683 2641 843 2710 sinureioh
864 2661 899 2706 es
920 2644 1002 2706 auch
1023 2644 1238 2710 bevorwortet
1251 2646 1316 2709 und
1330 2647 1391 2712 wie
1408 2635 1560 2708 kunstreid

413 2769 448 2814 es
472 2748 701 2832 durchgefiihrt
721 2745 784 2825 sei,
808 2733 889 2811 doch
910 2744 996 2810 nicht
1017 2744 1098 2810 ohno
1118 2745 1235 2812 Gelahr
1252 2745 1310 2824 ist,
1334 2745 1398 2811 und
1425 2749 1484 2813 wie
1502 2741 1560 2808 ancl

414 2855 472 2917 der
490 2856 613 2936 griisste
635 2852 723 2916 Geist
743 2849 798 2914 bei
812 2850 900 2914 einer
913 2847 1234 2916 wissenschaftlichon
1254 2851 1483 2916 Konstrulttion
1498 2847 1560 2910 nicht

413 2956 589 3038 ungestralt
611 2958 666 3019 das
685 2957 795 3020 Gesctz
811 2954 867 3016 der
889 2951 1086 3016 Einlachheit
1102 2951 1242 3018 verletzt.
1289 2954 1335 3018 cf.
1351 2975 1383 3036 p.
1398 2957 1454 3018 99.
1469 2945 1558 3016 introd.

412 3061 443 3125 la
471 3056 568 3145 igitur
589 3076 658 3122 rem
679 3076 743 3122 non
765 3055 855 3120 aliter
881 3057 1024 3138 expediri
1050 3075 1144 3140 posse
1170 3059 1308 3139 putavit,
1339 3076 1434 3143 quam
1454 3062 1487 3120 ut
1506 3048 1560 3116 scri

411 3171 488 3247 ptor
506 3162 610 3246 legem
632 3153 837 3244 simplicitatis
862 3159 944 3225 haud
971 3161 1038 3224 sine
1058 3159 1150 3245 culpa
1168 3161 1201 3223 iu
1223 3163 1443 3245 componendo
1463 3155 1559 3237 dialogo

411 3253 542 3332 laesisse
572 3270 768 3349 argueretur.
814 3266 850 3328 Id
877 3265 974 3348 igitur
998 3270 1125 3327 teneant
1145 3262 1280 3328 lectores
1304 3264 1399 3329 velim
1427 3262 1559 3328 diversunt

413 3389 482 3436 csso
506 3368 602 3436 finem
624 3375 655 3432 et
680 3366 845 3433 consilium
876 3366 984 3450 operi-s
1013 3364 1053 3430 ab
1083 3387 1121 3431 eo
1151 3387 1215 3451 quo
1240 3366 1346 3432 omnia
1370 3365 1521 3452 pertinere
1540 3363 1560 3422 ct

411 3481 556 3558 spectare
582 3470 784 3548 simulentur,
811 3492 891 3558 quae
913 3473 995 3535 ratio
1018 3471 1183 3536 intercedit
1203 3469 1287 3536 inter
1313 3464 1559 3555 quaestionando

411 3577 552 3646 iustitiae·
572 3575 765 3664 praestantia
787 3581 819 3640 et
845 3579 884 3640 de
906 3575 1065 3656 civitate.)

839 3813 1023 3894 suerro
1054 3827 1113 3892 rr.

498 4009 658 4080 Sermonis
687 4027 765 4087 vero
791 4006 973 4076 instituendi
996 4013 1079 4079 viam
1103 4011 1152 4075 his
1176 4011 1281 4076 verbis
1303 4011 1392 4076 Plato
1417 4002 1557 4075 describit:

404 4105 486 4210 Ἆρ’
518 4105 590 4184 οὖν
619 4109 748 4204 ὥσπερ
777 4109 1004 4207 ἠρξάμεθα
1034 4117 1073 4182 ἐν
1103 4119 1197 4192 ταῖς
1223 4101 1559 4199 πολιτείαιςπρὸ-

412 4246 533 4318 τερον
555 4225 727 4288 σκοπεῖν
749 4215 798 4286 τὰ
818 4215 922 4300 ἤθη,
946 4213 966 4301 ἢ
988 4221 1025 4286 ἐν
1043 4223 1136 4296 ’τοῖς
1158 4213 1367 4300 ἰδιώταις,
1392 4212 1441 4296 ὡς
1462 4217 1560 4302 ἐναρ-

412 4332 610 4417 γέστερον
632 4320 688 4407 ὃν,
709 4327 779 4391 καὶ
800 4323 869 4392 νῦν
892 4314 993 4390 odra
1015 4315 1560 4416 upoiroupiaripvcpclo'ccpot
