3298 5232
869 377 1099 442 -148-

392 531 535 618 gebildet
564 531 635 600 seia
661 535 728 599 und
752 531 847 600 einen
875 532 947 600 dem
977 533 1066 602 Geist
1094 553 1342 620 angcmessencn
1366 536 1495 618 llbrper
1521 536 1573 608 mit

391 637 741 724 verbtiltuissm'dssiqen
756 637 888 704 Theilen
903 635 1008 710 baben
1021 638 1139 704 miisse.
1182 641 1274 704 Denn
1286 641 1339 705 die
1354 658 1451 724 gance
1466 640 1573 704 zweite

392 740 502 808 Hiillte
521 744 608 809 wilre
623 763 689 807 nun
708 740 810 806 nichts
832 741 878 808 als
898 744 970 808 eine
983 740 1199 810 wunderlicbe
1216 740 1303 808 nicht
1320 740 1436 808 einmal
1451 740 1574 808 leidliclr

393 844 554 929 geschiclrt
577 843 776 930 angeheltete
799 843 935 930 Zugube
962 845 1083 912 welche
1106 849 1203 912 sebon
1228 867 1269 912 an
1292 847 1371 922 sicb,
1399 848 1573 911 besonders

392 947 472 1016 aber
496 949 586 1016 ihrer
611 950 754 1034 Stellung
779 969 911 1036 weqen,
949 947 1051 1015 nicbts
1075 951 1217 1015 sicherer
1247 947 1412 1018 bewirlsen
1437 949 1572 1026 miisste,

392 1052 439 1120 als
466 1054 517 1120 die
549 1051 837 1128 Aulmerlrsamlreit
862 1073 899 1120 so
931 1057 1006 1119 weit
1036 1055 1082 1118 als
1117 1052 1255 1136 mdglicb
1284 1073 1347 1118 ron
1372 1055 1431 1118 der
1456 1055 1574 1138 Haupt-

392 1160 488 1226 sache
507 1158 831 1248 *hinwegzuziebenu
878 1154 923 1224 Cf.
953 1158 1070 1222 intrcd.
1099 1153 1132 1222 in
1159 1155 1339 1222 Phaedrum
1365 1177 1395 1243 p.
1423 1159 1478 1222 56.
1507 1177 1572 1243 sqq.

393 1261 440 1328 ef.
463 1261 803 1328 Phaedrum‘Platcnis
824 1280 856 1347 p.
879 1260 953 1324 bdl.
978 1263 1028 1326 ed.
1053 1262 1097 1326 st
1147 1263 1257 1346 Longe
1289 1259 1388 1345 igitur
1415 1257 1512 1325 aliter
1540 1262 1574 1324 de

392 1386 506 1434 eorum
531 1366 683 1452 dignitate
705 1363 906 1431 statuendum
928 1383 998 1430 csse
1022 1363 1117 1440 vidit,
1152 1384 1235 1449 quae
1258 1365 1413 1430 eiusmodi
1439 1365 1574 1450 episodii

389 1471 425 1536 in
442 1489 591 1537 sermone
611 1470 750 1556 speciem
764 1466 931 1534 referrent.
979 1465 1026 1538 cf.
1049 1466 1167 1533 introd.
1190 1467 1223 1532 in
1246 1470 1344 1554 Gorg.
1364 1487 1395 1552 p.
1416 1470 1468 1532 l.:
1496 1469 1575 1532 «So-

393 1573 457 1639 uiel
478 1571 556 1638 aber
579 1575 620 1638 ist
644 1571 727 1640 ohne
746 1571 877 1640 weitere
901 1569 1108 1654 Ausldbrung
1130 1570 1211 1646 ilar,
1232 1573 1305 1636 dass
1327 1572 1379 1636 bei
1398 1571 1496 1655 jeder
1516 1591 1574 1636 von

393 1677 505 1744 diesen
533 1678 707 1742 Ausichtcn
734 1680 793 1742 der
826 1696 863 1742 so
891 1672 1066 1741 bescnders
1090 1671 1373 1760 herausgcbobeue
1399 1673 1495 1740 Theil
1523 1677 1574 1739 des

395 1785 522 1849 Ganzen
555 1781 589 1845 in
622 1802 678 1865 gar
710 1782 797 1846 loser
821 1776 1028 1862 Verbindung
1056 1780 1114 1846 mit
1138 1777 1202 1844 den
1216 1778 1365 1862 ,librigen
1392 1779 1572 1854 errabunt,

391 1889 454 1952 used
481 1888 553 1952 doec
573 1885 778 1950 coroebmlc‘clr
798 1884 846 1948 die
871 1885 1097 1967 dmercctcrq
1115 1884 1189 1948 dher
1212 1884 1260 1950 die
1283 1885 1385 1950 Notur
1405 1883 1461 1947 der
1481 1884 1572 1958 Luat,

391 2009 477 2070 werra
505 2008 579 2054 mcc
607 1989 663 2054 due
693 1989 796 2054 Gome
828 2008 862 2052 rc
893 1988 1069 2062 bctrccbtet,
1097 1991 1162 2068 sust
1192 2006 1254 2051 nur
1278 1989 1325 2052 cle
1353 1989 1403 2054 cin
1429 1987 1575 2067 mitrec'pcc

391 2093 575 2158 moliole
594 2101 774 2175 anqccetztcr
793 2091 931 2156 Bciuerlc
946 2091 1028 2156 λαλη
1047 2092 1211 2174 coperebcn
1222 2092 1350 2155 werden.
1395 2089 1499 2156 Allciu
1510 2091 1576 2154 der·

384 2197 488 2278 jcnipe
508 2215 592 2260 muco
618 2197 676 2260 den
699 2197 812 2260 Pluton
832 2196 926 2277 weniq
951 2196 1074 2270 bama,
1099 2195 1154 2260 der
1174 2196 1258 2258 cicbt
1278 2196 1370 2260 occid
1392 2195 1491 2277 qlec'clc
1510 2195 1576 2257 ber·

391 2299 551 2382 ousfindet,
583 2299 656 2364 dure
684 2320 730 2364 ccc
751 2299 937 2382 dcrqlcr’clccn
953 2308 1046 2364 ctwoc
1066 2300 1250 2388 corlomart,
1279 2300 1341 2363 und
1362 2318 1448 2364 zuar
1467 2319 1503 2362 cc
1525 2299 1579 2380 ties

391 2403 565 2486 cinqclcad,
597 2403 661 2467 dice
680 2404 787 2486 pernice
807 2411 897 2468 uatcr
913 2404 1003 2469 ullcm
1026 2403 1235 2470 cerbcadclten
1254 2403 1310 2467 duc
1327 2404 1493 2485 wicbtc'qste
1516 2402 1577 2466 uad

390 2508 445 2582 der
463 2507 563 2572 Puclct
584 2508 650 2572 scia
666 2527 765 2583 muer,
795 2527 855 2572 coca
867 2507 1015 2574 ecelcltem
1034 2529 1092 2573 oue
1113 2509 1206 2572 ollcin
1224 2509 1302 2572 uucb
1320 2507 1394 2572 allec
1414 2507 1522 2590 tibaiqc
1544 2508 1576 2569 in

390 2612 501 2676 rocem
521 2611 645 2676 wahren
666 2613 944 2696 Zucommcaltuoqe
967 2613 1050 2676 λαππ
1065 2613 1254 2688 ccrctcnden,
1286 2612 1349 2676 used
1370 2612 1439 2680 ebert
1463 2607 1576 2674 &rum

389 2715 468 2778 acela
488 2715 536 2779 die
558 2716 662 2782 tmere
686 2717 813 2788 Einlccc‘t
838 2718 891 2781 der
913 2717 1038 2782 Gonzcn
1061 2717 1208 2799 qcsuadcn
1231 2716 1386 2780 werden.»
1431 2713 1575 2780 Alienum

391 2835 461 2882 esse
484 2814 566 2882 banc
591 2820 808 2903 quaestionem
830 2822 871 2884 ab
897 2820 1004 2902 operis
1029 2819 1180 2897 consilio,
1208 2839 1340 2905 eamque
1363 2825 1488 2884 tantum
1513 2825 1576 2884 tra·

390 2921 480 2996 clari,
503 2920 579 3007 quia
602 2919 752 3006 precibus
777 2925 928 2990 iuvenum
954 2920 1142 3009 quibuscum
1164 2922 1404 3008 colloquebatur
1418 2924 1574 2988 Socrates

389 3027 540 3092 resistere
568 3046 634 3092 non
666 3029 825 3112 potuerit,
862 3047 977 3111 parum
1001 3024 1166 3114 probabile
1192 3047 1261 3094 esse
1289 3024 1449 3094 videbitur
1478 3048 1576 3110 repu-

389 3131 550 3206 tantibus,
581 3150 646 3196 non
668 3139 756 3197 recte
780 3132 881 3217 recipi
908 3133 943 3196 in
968 3129 1130 3216 dialogum
1151 3151 1204 3196 res
1227 3133 1268 3196 ab
1290 3131 1397 3218 operis
1419 3127 1484 3210 line
1510 3151 1575 3196 non

389 3231 493 3298 solum
519 3232 657 3311 alienas,
685 3238 742 3301 sed
768 3243 800 3302 et
826 3233 946 3303 ambitu
978 3256 1056 3312 suo,
1087 3243 1120 3302 et
1144 3255 1254 3302 rerum
1279 3233 1574 3318 sententiarumque

388 3338 543 3420 gravitate
565 3344 630 3402 tam
651 3337 851 3423 conspicuas,
881 3346 917 3406 ut
936 3360 1012 3407 vere
1030 3341 1165 3406 dicenda
1181 3340 1222 3404 iis
1239 3342 1462 3424 obscurentur.
1495 3341 1574 3404 Nam

386 3438 421 3506 id
444 3443 573 3526 quidem
599 3461 672 3508 cum
697 3445 840 3510 inomni
859 3463 1007 3511 sermone
1027 3442 1175 3510 vitiosum
1201 3451 1259 3520 cst,
1288 3450 1355 3508 tum
1376 3443 1410 3508 in
1432 3440 1572 3526 dialogo,

388 3546 444 3632 qui
470 3553 602 3612 externo
628 3546 758 3630 quidem
780 3547 891 3616 babitu
918 3545 1093 3634 quotidiani
1120 3545 1278 3614 sermonis
1303 3541 1443 3628 ἀταξίαν
1470 3545 1574 3610 imita·

389 3654 453 3726 tur,
481 3669 579 3733 quum
604 3646 729 3716 interna
750 3655 819 3719 eius
843 3651 983 3739 partium
1006 3654 1089 3718 ratio
1114 3655 1155 3718 ad
1180 3648 1392 3737 philosophici
1417 3649 1573 3716 sermonis

386 3751 475 3836 leges
492 3753 727 3820 accmomodari
747 3756 876 3820 debeat.
898 3791 941 3804 -
963 3757 1027 3822 Sed
1048 3759 1288 3840 perpendantur
1298 3757 1394 3820 etium
1405 3773 1446 3818 ex
1460 3754 1572 3819 ordine

387 3855 458 3938 ipsa
483 3855 763 3940 vetuariensis,
791 3879 856 3944 quo
877 3857 994 3925 rectius
1019 3861 1060 3930 de
1085 3862 1145 3932 hac
1167 3859 1256 3926 omni
1279 3880 1315 3925 re
1338 3858 1473 3926 iudicari
1500 3876 1572 3940 pos·
1635 3875 1636 3928 λ

387 3957 440 4024 sit.
487 3960 550 4037 Qui
572 3983 612 4028 ea
634 3982 688 4030 res
708 3966 749 4029 ad
766 3982 945 4029 sermonem
966 3964 1098 4050 proprie
1118 3983 1184 4030 non
1208 3962 1375 4048 pertineat,
1399 3981 1498 4047 quam
1520 3959 1572 4044 qui

386 4083 454 4128 uon
473 4062 620 4151 explicet,
640 4060 919 4158 ’Λπορῥαθυμεῑν
934 4068 1070 4147 dicatur,
1086 4072 1143 4134 καὶ
1165 4057 1251 4146 εἶδος
1273 4057 1353 4136 ὅλον
1374 4060 1413 4133 οὐ
1437 4061 1476 4132 τὸ
1499 4057 1572 4132 ἐλά-

384 4189 502 4254 χιστον
530 4169 713 4237 ἐκκλέπτειν
741 4169 801 4236 τοῦ
826 4165 928 4256 λόγου
949 4165 1004 4238 ἵνα
1025 4165 1071 4256 μὴ
1094 4171 1216 4266 διέλθῃ
1238 4175 1293 4239 καλ
1315 4163 1427 4252 λήσειν
1448 4163 1572 4250 οἰηθῆ·

387 4295 444 4338 ναι
465 4267 562 4340 εἰπὼν
584 4267 668 4340 αὐτὸ
691 4268 902 4364 φαύλως--λ
929 4274 964 4342 Si
980 4296 1058 4342 vero
1073 4275 1211 4344 iustitiae
1227 4283 1348 4354 tantum
1364 4271 1571 4342 inveniendae
