3312 5238
876 385 1087 454 ..70-

396 551 704 622 Schlciermaclaerus
733 550 824 628 dicit,
855 553 1007 638 singulari
1035 553 1163 622 cuidam·
1189 551 1305 623 civium
1333 555 1425 624 classi
1451 553 1574 622 tradia

394 655 525 722 Platone
545 657 694 724 militaria
714 657 830 733 monia,
852 665 890 724 nt
909 659 942 722 in
963 657 1088 724 civitate
1109 643 1327 725 essct'civium
1350 659 1469 738 classis,
1493 679 1574 746 quac

396 758 492 825 animi
513 761 691 827 facultatem
713 756 829 847 θυμὸν
850 769 1112 847 repraesentaret.
1137 761 1187 827 of.
1202 763 1318 828 introd.
1335 781 1368 849 p.
1389 767 1439 828 15.
1472 765 1575 840 Quam

392 870 482 928 arcta
502 885 581 930 vero
601 864 802 930 necessitudo
822 863 906 930 inter
926 863 1004 930 baec
1025 866 1130 932 omnia
1148 865 1371 953 civitatemque
1391 864 1575 941 intercedat,

389 966 702 1034 -Scbleiermacberus
728 967 797 1053 ipsc
828 966 957 1034 omnino
979 987 1096 1053 negare
1117 989 1182 1035 non
1202 968 1319 1054 potuit,
1349 967 1485 1035 dioensr·
1510 971 1576 1033 lam

390 1068 542 1136 omnibns
563 1071 597 1136 in
616 1071 695 1138 locis
715 1071 786 1137 eius
804 1071 953 1158 principii
973 1073 1131 1138 rationem
1145 1070 1273 1138 baberi:
1297 1071 1453 1138 civitatem
1464 1071 1576 1137 melio-

394 1193 465 1240 rem
486 1194 555 1240 csse
577 1195 642 1241 non
662 1195 772 1262 posse,
795 1195 889 1262 οιιοιο
910 1175 1108 1260 singulorum
1129 1174 1373 1244 multitudinem.

841 1424 1027 1492 Sileno
1058 1417 1140 1491 Na

483 1587 578 1654 initio
599 1605 709 1654 norae
722 1587 935 1670 quaestionis,
954 1607 987 1674 p.
1009 1589 1087 1665 tls,
1109 1592 1164 1666 Β.,
1187 1590 1266 1654 hace
1288 1592 1388 1656 verba
1408 1588 1575 1674 leguntur:

393 1693 436 1759 Oi
463 1698 524 1779 μὲν
550 1687 590 1772 δὴ
616 1685 714 1758 τύποι
746 1691 804 1772 τῆς
833 1692 986 1770 παιδείας
1012 1715 1046 1758 τε
1078 1697 1134 1757 καὶ
1165 1693 1294 1785 τροφῆς
1319 1683 1413 1760 οὗτοι
1439 1689 1482 1762 ἂν
1506 1684 1578 1760 εἶεν.

394 1795 527 1886 χορείας
549 1790 614 1885 γὰρ
639 1794 672 1862 τί
698 1789 741 1861 ilc
762 1817 813 1872 τις
838 1795 950 1876 διεξίοι
974 1795 1039 1863 τῶν
1066 1789 1224 1864 τοιούτων
1248 1801 1305 1862 καὶ
1327 1791 1501 1885 deiparae
1524 1800 1578 1862 καὶ

393 1902 573 1986 κυνηγέσια
599 1902 657 1982 οιαὶ
685 1895 865 1986 γυμνικοὺς
890 1893 1020 1985 ἀγῶνας
1045 1903 1101 1968 καὶ
1127 1893 1297 1976 innascier
1320 1896 1437 1988 σχεδὸν
1456 1895 1524 1991 γάρ
1547 1923 1579 1966 τι

391 2004 484 2084 Ιδῆλοι
519 1998 575 2083 δὴ,
613 1992 668 2069 ὅτι
699 1994 831 2078 τούτοις
860 1999 1002 2087 ἑπόμενοι
1042 2003 1095 2068 δεῖ
1124 1997 1212 2068 αὐτὰ
1245 1993 1345 2083 εἶναι,
1377 2005 1434 2070 ani
1469 1999 1580 2069 οὐκέτι

397 2101 524 2193 χαλεπὰ
543 2101 658 2190 εὑρεῖν.
693 2099 805 2181 Ἴσως,
838 2090 910 2184 ἧδ’
940 2099 987 2182 ὂς,
1013 2100 1052 2171 οὐ
1070 2100 1211 2192 χαλεποὶ.
1253 2105 1419 2173 Civitatem
1440 2127 1506 2172 non
1528 2127 1580 2171 re-

397 2208 541 2292 spexissc
573 2207 734 2274 Platonem
755 2227 868 2290 parum
899 2214 986 2273 recte
1014 2228 1054 2272 ex
1086 2207 1155 2274 istis
1176 2208 1351 2292 collegeris.
1395 2207 1522 2275 Omittit
1543 2229 1579 2274 ea

395 2315 509 2388 Plato,
539 2310 614 2396 quia
635 2310 793 2394 explicatu
815 2308 955 2377 difficilia
974 2331 1041 2377 non
1061 2311 1133 2388 sint,
1155 2319 1188 2378 ct
1208 2333 1251 2377 nx
1270 2313 1383 2378 iisdem
1404 2317 1581 2399 repetenda

398 2414 577 2502 principiis,
610 2416 697 2480 unde
727 2412 859 2482 deducta
886 2422 978 2491 sunt,
1011 2435 1092 2499 quac
1121 2414 1338 2482 educationem
1359 2423 1514 2500 spectant.
1538 2451 1580 2464 -

399 2523 480 2586 Tum
500 2523 581 2586 haec
599 2517 763 2605 leguntur:
792 2508 878 2597 Εἶεν,
902 2504 942 2599 ἦν
969 2513 1000 2584 δ’
1028 2512 1103 2602 ἐγώ·
1126 2515 1164 2586 τὸ
1188 2522 1222 2586 δὲ
1249 2517 1290 2601 δὴ
1314 2516 1397 2605 μετὰ
1422 2521 1524 2588 τοῦτο
1549 2520 1581 2586 τί

399 2619 441 2691 ilc
458 2617 536 2710 ἡμῖν
554 2625 737 2712 διαιρετέον
760 2621 826 2704 εἴης
855 2608 906 2711 ἆρ’
929 2617 989 2688 οὐκ
1012 2618 1120 2690 αὐτῶν
1142 2618 1267 2690 τούτων
1287 2621 1323 2690 o‘c'
1340 2643 1426 2700 τινος
1442 2619 1582 2708 ἄρξουσί

398 2751 434 2796 τι
455 2730 511 2794 καὶ
533 2721 707 2814 deficerem
728 2724 823 2810 Eligit
844 2725 988 2792 seniores
1009 2725 1191 2812 etquidem
1213 2726 1360 2814 optimos.
1405 2726 1580 2794 Custodum
1646 2723 1647 2734 ’

400 2849 478 2896 vero
506 2827 642 2915 optimos
671 2847 741 2896 osse
771 2824 1066 2916 φυλακικωτάτους
1095 2831 1154 2911 τῆς
1180 2825 1313 2908 πόλεως.
1367 2833 1478 2915 ltaque
1503 2849 1581 2916 pru·

398 2932 520 3014 dentes,
542 2953 677 3000 eosesse
688 2935 815 3012 debere,
831 2940 863 2998 et
876 2940 1030 3019 potentes,
1047 2938 1078 2998 et
1090 2931 1286 3020 reipublicae
1300 2953 1410 3000 curam
1420 2941 1578 3018 gerentes,

400 3037 433 3104 h.
457 3055 485 3105 e.
507 3034 732 3122 rempublicam
753 3043 905 3102 amantes.
948 3041 1064 3103 Amare
1090 3043 1195 3107 antem
1225 3057 1283 3102 nos
1310 3039 1344 3102 ld
1367 3036 1532 3114 maxime,
1562 3057 1580 3102 a

400 3140 491 3210 cuius
512 3147 611 3216 sorte,
635 3161 659 3210 s.
680 3138 765 3208 bona
785 3159 812 3206 s.
836 3140 918 3208 mala
938 3139 989 3217 sit,
1013 3148 1119 3206 nosue
1140 3137 1287 3226 pendeat.
1332 3137 1503 3226 Eligendae
1521 3140 1581 3226 igi·

397 3254 454 3313 tur
474 3265 515 3312 ex
536 3243 665 3330 reliquis
686 3230 869 3312 custodibus
891 3263 956 3320 cos,
979 3243 1034 3328 qni
1056 3241 1326 3311 considerantibus
1339 3242 1508 3312 videantur
1520 3262 1581 3330 per

397 3357 500 3416 ¹totam
520 3349 616 3414 vitam
638 3352 724 3433 quod
746 3347 870 3414 civitati·
886 3346 1062 3413 conducere
1089 3346 1268 3431 putaverint
1295 3347 1381 3413 omni
1403 3346 1510 3414 studio
1531 3347 1581 3414 la-

400 3472 487 3529 cere,
509 3451 596 3537 quod
616 3471 691 3526 non,
713 3449 799 3518 nullo
823 3453 919 3518 mode
941 3449 1046 3518 iacere
1059 3451 1151 3518 velle.
1197 3454 1265 3518 llos
1280 3449 1495 3518 observandos
1510 3471 1580 3519 esse

401 3555 436 3625 in
456 3555 678 3629 omniactata,
708 3574 783 3618 num
810 3557 891 3622 hanc
912 3555 1101 3622 sententiam
1123 3553 1315 3634 custodiant,
1343 3553 1487 3622 iacienda
1510 3575 1580 3622 csse

402 3679 482 3746 quac
510 3658 635 3726 civitati.
653 3659 772 3745 optima
799 3661 881 3734 sint.
914 3659 957 3725 ita
984 3661 1112 3746 quidem
1138 3666 1173 3725 nt
1203 3679 1272 3724 eam
1293 3677 1353 3726 nec
1374 3657 1580 3726 diuturnitate

401 3761 553 3849 temporis
580 3761 820 3838 obliviscantur,
850 3782 915 3828 nec·
938 3761 1133 3829 contrarium
1161 3761 1222 3829 sibi
1250 3761 1438 3848 persuaderi
1460 3762 1579 3839 sinant,

402 3883 461 3932 nec
476 3862 649 3941 doloribus.
670 3864 900 3952 uoluptatibus,
923 3863 1092 3933 timoribus
1112 3865 1153 3932 ad
1175 3864 1354 3933 mutandam
1368 3885 1437 3932 eam
1450 3887 1580 3952 permo-

402 3974 547 4034 veantur.
596 3970 688 4064 Quae
714 3989 811 4054 quum
838 3970 1013 4036 accuratius
1042 3972 1253 4056 exposuisset,
1284 3970 1482 4057 quaerendos
1510 3991 1579 4037 esse

402 4069 518 4140 iterum
540 4080 662 4148 monet,
692 4072 748 4158 qui
769 4072 880 4159 optimi
902 4078 1048 4142 custodes
1068 4073 1133 4139 sint
1151 4073 1244 4140 huius
1266 4073 1456 4151 sentcntiae,
1478 4073 1513 4140 id
1533 4074 1580 4140 ia·

404 4175 550 4248 ciendum
570 4193 652 4252 csse,
675 4174 768 4262 quod
781 4175 900 4243 civitati
920 4197 1045 4264 semper
1065 4175 1220 4263 optimam
1239 4179 1419 4263 putaverint
1438 4176 1523 4256 lore,
1547 4187 1579 4244 ct

397 4281 630 4356 ,examinandos
651 4279 798 4366 negotiis,
820 4278 1000 4368 laboribus,
1021 4277 1184 4350 doloribus
1204 4301 1242 4347 ac
1257 4278 1502 4360 ⁴certaminibus,
1524 4281 1579 4350 de·
