<?xml version="1.0" encoding="UTF-8"?>
<!DOCTYPE html PUBLIC "-//W3C//DTD XHTML 1.0 Transitional//EN"
    "http://www.w3.org/TR/xhtml1/DTD/xhtml1-transitional.dtd">
<html xmlns="http://www.w3.org/1999/xhtml" xml:lang="en" lang="en">
 <head>
  <title>
</title>
<meta http-equiv="Content-Type" content="text/html;charset=utf-8" />
  <meta name='ocr-system' content='tesseract 3.04.00' />
  <meta name='ocr-capabilities' content='ocr_page ocr_carea ocr_par ocr_line ocrx_word'/>
</head>
<body>
  <div class='ocr_page' id='page_1' title='image "./prolegomenaadpl00rettgoog_0256.png"; bbox 0 0 3296 5232; ppageno 0'>
   <div class='ocr_carea' id='block_1_1' title="bbox 568 374 798 444">
    <p class='ocr_par' dir='ltr' id='par_1_1' title="bbox 568 374 798 444">
     <span class='ocr_line' id='line_1_1' title="bbox 568 374 798 444; baseline 0 -1"><span class='ocrx_word' id='word_1_1' title='bbox 568 374 713 444; x_wconf 71' lang='lat' dir='ltr'>-Rii</span> <span class='ocrx_word' id='word_1_2' title='bbox 757 405 798 430; x_wconf 51' lang='grc' dir='ltr'>ω</span> 
     </span>
    </p>
   </div>
   <div class='ocr_carea' id='block_1_2' title="bbox 7 527 1343 4340">
    <p class='ocr_par' dir='ltr' id='par_1_2' title="bbox 7 527 1343 4340">
     <span class='ocr_line' id='line_1_2' title="bbox 88 527 1273 631; baseline -0.002 -23"><span class='ocrx_word' id='word_1_3' title='bbox 88 538 241 628; x_wconf 81' lang='grc' dir='ltr'><em>χρυσοῦν</em></span> <span class='ocrx_word' id='word_1_4' title='bbox 262 563 295 607; x_wconf 84' lang='grc' dir='ltr'>τι</span> <span class='ocrx_word' id='word_1_5' title='bbox 316 539 370 607; x_wconf 72' lang='grc' dir='ltr'>καί</span> <span class='ocrx_word' id='word_1_6' title='bbox 393 534 573 631; x_wconf 75' lang='grc' dir='ltr'><em>ἀργυροῦν,</em></span> <span class='ocrx_word' id='word_1_7' title='bbox 591 527 652 605; x_wconf 79' lang='grc' dir='ltr'>ἀτε</span> <span class='ocrx_word' id='word_1_8' title='bbox 674 533 713 607; x_wconf 83' lang='grc' dir='ltr'><em>οὐ</em></span> <span class='ocrx_word' id='word_1_9' title='bbox 741 539 927 626; x_wconf 84' lang='grc' dir='ltr'><em>πενομὲνωι,</em></span> <span class='ocrx_word' id='word_1_10' title='bbox 951 532 1037 605; x_wconf 84' lang='grc' dir='ltr'><em>ἀλλά</em></span> <span class='ocrx_word' id='word_1_11' title='bbox 1059 529 1176 630; x_wconf 77' lang='grc' dir='ltr'><em>φύσει,</em></span> <span class='ocrx_word' id='word_1_12' title='bbox 1199 532 1273 606; x_wconf 80' lang='grc' dir='ltr'><em>ἀντι</em></span> 
     </span>
     <span class='ocr_line' id='line_1_3' title="bbox 90 636 1274 737; baseline -0.001 -27"><span class='ocrx_word' id='word_1_13' title='bbox 90 644 259 724; x_wconf 84' lang='grc' dir='ltr'><em>πλουσίω,</em></span> <span class='ocrx_word' id='word_1_14' title='bbox 281 639 341 721; x_wconf 85' lang='grc' dir='ltr'>τὰς</span> <span class='ocrx_word' id='word_1_15' title='bbox 362 639 477 737; x_wconf 81' lang='grc' dir='ltr'><em>φοχάς</em></span> <span class='ocrx_word' id='word_1_16' title='bbox 497 644 548 709; x_wconf 75' lang='grc' dir='ltr'>ἐπὶ</span> <span class='ocrx_word' id='word_1_17' title='bbox 570 639 630 724; x_wconf 82' lang='grc' dir='ltr'><em>τὴν</em></span> <span class='ocrx_word' id='word_1_18' title='bbox 651 637 770 731; x_wconf 85' lang='grc' dir='ltr'><em>ἀρετὴν</em></span> <span class='ocrx_word' id='word_1_19' title='bbox 791 645 847 707; x_wconf 82' lang='grc' dir='ltr'>καὶ</span> <span class='ocrx_word' id='word_1_20' title='bbox 868 636 1090 730; x_wconf 70' lang='grc' dir='ltr'><em>τὴνάρχαίαν</em></span> <span class='ocrx_word' id='word_1_21' title='bbox 1104 637 1274 709; x_wconf 82' lang='grc' dir='ltr'><em>κατοίστα-</em></span> 
     </span>
     <span class='ocr_line' id='line_1_4' title="bbox 92 739 1275 833; baseline -0.001 -20"><span class='ocrx_word' id='word_1_22' title='bbox 92 769 150 813; x_wconf 87' lang='grc' dir='ltr'><em>σιν</em></span> <span class='ocrx_word' id='word_1_23' title='bbox 179 745 307 833; x_wconf 75' lang='grc' dir='ltr'><em>ἠγέτην.</em></span> <span class='ocrx_word' id='word_1_24' title='bbox 341 748 545 833; x_wconf 79' lang='grc' dir='ltr'><em>βιαζομένων</em></span> <span class='ocrx_word' id='word_1_25' title='bbox 581 747 617 810; x_wconf 75' lang='grc' dir='ltr'>δὲ</span> <span class='ocrx_word' id='word_1_26' title='bbox 654 749 709 811; x_wconf 83' lang='grc' dir='ltr'>καὶ</span> <span class='ocrx_word' id='word_1_27' title='bbox 745 739 991 812; x_wconf 77' lang='grc' dir='ltr'><em>ἀντιτεινόντων</em></span> <span class='ocrx_word' id='word_1_28' title='bbox 1032 739 1187 826; x_wconf 83' lang='grc' dir='ltr'><em>ἀλλήλοις</em></span> <span class='ocrx_word' id='word_1_29' title='bbox 1228 741 1275 824; x_wconf 83' lang='grc' dir='ltr'>εἰς</span> 
     </span>
     <span class='ocr_line' id='line_1_5' title="bbox 89 841 1274 937; baseline 0 -22"><span class='ocrx_word' id='word_1_30' title='bbox 89 852 197 937; x_wconf 85' lang='grc' dir='ltr'><em>μέσον</em></span> <span class='ocrx_word' id='word_1_31' title='bbox 219 845 435 937; x_wconf 81' lang='grc' dir='ltr'><em>ὡμολόγησαν</em></span> <span class='ocrx_word' id='word_1_32' title='bbox 455 849 516 934; x_wconf 79' lang='grc' dir='ltr'>γῆν</span> <span class='ocrx_word' id='word_1_33' title='bbox 535 856 595 936; x_wconf 79' lang='grc' dir='ltr'>μὲν</span> <span class='ocrx_word' id='word_1_34' title='bbox 617 853 671 915; x_wconf 81' lang='grc' dir='ltr'>καί</span> <span class='ocrx_word' id='word_1_35' title='bbox 694 844 800 927; x_wconf 82' lang='grc' dir='ltr'><em>οἰκίας</em></span> <span class='ocrx_word' id='word_1_36' title='bbox 821 850 1121 934; x_wconf 71' lang='grc' dir='ltr'><em>κατανειμαμένους</em></span> <span class='ocrx_word' id='word_1_37' title='bbox 1139 841 1274 915; x_wconf 80' lang='grc' dir='ltr'><em>ἰδιώσα-</em></span> 
     </span>
     <span class='ocr_line' id='line_1_6' title="bbox 92 947 1272 1044; baseline 0 -25"><span class='ocrx_word' id='word_1_38' title='bbox 92 955 205 1028; x_wconf 72' lang='grc' dir='ltr'><em>σθαι,</em></span> <span class='ocrx_word' id='word_1_39' title='bbox 235 949 311 1032; x_wconf 80' lang='grc' dir='ltr'><em>τοὺς</em></span> <span class='ocrx_word' id='word_1_40' title='bbox 333 955 368 1019; x_wconf 77' lang='grc' dir='ltr'>δὲ</span> <span class='ocrx_word' id='word_1_41' title='bbox 390 957 466 1040; x_wconf 87' lang='grc' dir='ltr'><em>πρὶν</em></span> <span class='ocrx_word' id='word_1_42' title='bbox 493 955 762 1044; x_wconf 74' lang='grc' dir='ltr'><em>φυλαττομένους</em></span> <span class='ocrx_word' id='word_1_43' title='bbox 788 947 839 1018; x_wconf 78' lang='grc' dir='ltr'>ὑπ’</span> <span class='ocrx_word' id='word_1_44' title='bbox 868 947 977 1018; x_wconf 81' lang='grc' dir='ltr'><em>αὐτῶν</em></span> <span class='ocrx_word' id='word_1_45' title='bbox 1000 947 1043 1030; x_wconf 84' lang='grc' dir='ltr'><em>ὡς</em></span> <span class='ocrx_word' id='word_1_46' title='bbox 1064 952 1272 1038; x_wconf 72' lang='grc' dir='ltr'><em>ἐλευθέρους,</em></span> 
     </span>
     <span class='ocr_line' id='line_1_7' title="bbox 92 1049 1273 1150; baseline 0 -28"><span class='ocrx_word' id='word_1_47' title='bbox 92 1057 217 1148; x_wconf 87' lang='grc' dir='ltr'><em>φίλους</em></span> <span class='ocrx_word' id='word_1_48' title='bbox 236 1081 271 1122; x_wconf 84' lang='grc' dir='ltr'>τε</span> <span class='ocrx_word' id='word_1_49' title='bbox 292 1061 347 1122; x_wconf 81' lang='grc' dir='ltr'>καὶ</span> <span class='ocrx_word' id='word_1_50' title='bbox 369 1059 525 1150; x_wconf 76' lang='grc' dir='ltr'><em>τροφέας,</em></span> <span class='ocrx_word' id='word_1_51' title='bbox 548 1050 790 1141; x_wconf 84' lang='grc' dir='ltr'><em>ὁουλωσάμενοι</em></span> <span class='ocrx_word' id='word_1_52' title='bbox 808 1049 882 1122; x_wconf 86' lang='grc' dir='ltr'><em>τότε</em></span> <span class='ocrx_word' id='word_1_53' title='bbox 902 1054 1088 1143; x_wconf 78' lang='grc' dir='ltr'><em>περιοίκους</em></span> <span class='ocrx_word' id='word_1_54' title='bbox 1110 1060 1166 1124; x_wconf 85' lang='grc' dir='ltr'>καὶ</span> <span class='ocrx_word' id='word_1_55' title='bbox 1187 1051 1273 1123; x_wconf 82' lang='grc' dir='ltr'><em>οἰκί-</em></span> 
     </span>
     <span class='ocr_line' id='line_1_8' title="bbox 70 1152 1273 1250; baseline 0.001 -26"><span class='ocrx_word' id='word_1_56' title='bbox 70 1183 158 1236; x_wconf 89' lang='grc' dir='ltr'><em>·τας</em></span> <span class='ocrx_word' id='word_1_57' title='bbox 185 1157 326 1246; x_wconf 75' lang='grc' dir='ltr'><em>ἔχοντες,</em></span> <span class='ocrx_word' id='word_1_58' title='bbox 356 1155 453 1227; x_wconf 81' lang='grc' dir='ltr'><em>αὐτοὶ</em></span> <span class='ocrx_word' id='word_1_59' title='bbox 479 1161 624 1244; x_wconf 82' lang='grc' dir='ltr'><em>πολέμου</em></span> <span class='ocrx_word' id='word_1_60' title='bbox 652 1182 687 1248; x_wconf 80' lang='grc' dir='ltr'>τε</span> <span class='ocrx_word' id='word_1_61' title='bbox 716 1163 772 1224; x_wconf 89' lang='grc' dir='ltr'>καὶ</span> <span class='ocrx_word' id='word_1_62' title='bbox 799 1159 951 1250; x_wconf 75' lang='grc' dir='ltr'><em>φυλακῆς</em></span> <span class='ocrx_word' id='word_1_63' title='bbox 979 1152 1087 1225; x_wconf 83' lang='grc' dir='ltr'><em>αὐτῶν</em></span> <span class='ocrx_word' id='word_1_64' title='bbox 1115 1159 1273 1245; x_wconf 79' lang='grc' dir='ltr'><em>ἐπιμελεῖ-</em></span> 
     </span>
     <span class='ocr_line' id='line_1_9' title="bbox 92 1253 1275 1353; baseline 0.002 -25"><span class='ocrx_word' id='word_1_65' title='bbox 92 1266 196 1328; x_wconf 73' lang='grc' dir='ltr'><em>σθαι.</em></span> <span class='ocrx_word' id='word_1_66' title='bbox 242 1265 343 1329; x_wconf 80' lang='grc' dir='ltr'><em>Δοκεῖ</em></span> <span class='ocrx_word' id='word_1_67' title='bbox 358 1287 431 1349; x_wconf 89' lang='grc' dir='ltr'><em>μοι,</em></span> <span class='ocrx_word' id='word_1_68' title='bbox 455 1261 534 1353; x_wconf 79' lang='grc' dir='ltr'><em>ἔφη,</em></span> <span class='ocrx_word' id='word_1_69' title='bbox 557 1253 640 1342; x_wconf 75' lang='grc' dir='ltr'><em>αὕτη</em></span> <span class='ocrx_word' id='word_1_70' title='bbox 661 1256 682 1342; x_wconf 84' lang='grc' dir='ltr'>ἡ</span> <span class='ocrx_word' id='word_1_71' title='bbox 702 1256 887 1348; x_wconf 78' lang='grc' dir='ltr'><em>μετάβασις</em></span> <span class='ocrx_word' id='word_1_72' title='bbox 908 1260 1063 1328; x_wconf 76' lang='grc' dir='ltr'><em>ἐντεῦθεν</em></span> <span class='ocrx_word' id='word_1_73' title='bbox 1082 1262 1275 1348; x_wconf 76' lang='grc' dir='ltr'><em>γίγνεσθαι.</em></span> 
     </span>
     <span class='ocr_line' id='line_1_10' title="bbox 96 1353 1272 1456; baseline 0.002 -26"><span class='ocrx_word' id='word_1_74' title='bbox 96 1360 240 1445; x_wconf 78' lang='grc' dir='ltr'><em>Οὐκοῦν,</em></span> <span class='ocrx_word' id='word_1_75' title='bbox 270 1353 310 1446; x_wconf 78' lang='grc' dir='ltr'>ἦν</span> <span class='ocrx_word' id='word_1_76' title='bbox 332 1360 364 1431; x_wconf 79' lang='lat' dir='ltr'>‹i&#39;</span> <span class='ocrx_word' id='word_1_77' title='bbox 390 1361 468 1451; x_wconf 79' lang='grc' dir='ltr'><em>ἐγὼ,</em></span> <span class='ocrx_word' id='word_1_78' title='bbox 499 1365 532 1431; x_wconf 81' lang='grc' dir='ltr'>ἒν</span> <span class='ocrx_word' id='word_1_79' title='bbox 553 1367 641 1456; x_wconf 79' lang='grc' dir='ltr'><em>μέσῳ</em></span> <span class='ocrx_word' id='word_1_80' title='bbox 669 1371 719 1442; x_wconf 85' lang='grc' dir='ltr'>τις</span> <span class='ocrx_word' id='word_1_81' title='bbox 748 1359 789 1432; x_wconf 82' lang='grc' dir='ltr'>ἀν</span> <span class='ocrx_word' id='word_1_82' title='bbox 811 1366 859 1446; x_wconf 86' lang='grc' dir='ltr'><em>εἴη</em></span> <span class='ocrx_word' id='word_1_83' title='bbox 881 1357 1139 1454; x_wconf 76' lang='grc' dir='ltr'><em>ἀριστοκρατίας</em></span> <span class='ocrx_word' id='word_1_84' title='bbox 1160 1389 1194 1431; x_wconf 85' lang='grc' dir='ltr'>τε</span> <span class='ocrx_word' id='word_1_85' title='bbox 1216 1370 1272 1432; x_wconf 79' lang='grc' dir='ltr'>καλ</span> 
     </span>
     <span class='ocr_line' id='line_1_11' title="bbox 92 1454 1271 1556; baseline 0 -22"><span class='ocrx_word' id='word_1_86' title='bbox 92 1462 288 1556; x_wconf 77' lang='grc' dir='ltr'><em>ὀλιγαρχίας</em></span> <span class='ocrx_word' id='word_1_87' title='bbox 314 1459 397 1549; x_wconf 83' lang='grc' dir='ltr'><em>αίίτη</em></span> <span class='ocrx_word' id='word_1_88' title='bbox 419 1463 439 1548; x_wconf 85' lang='grc' dir='ltr'><strong><em>ἡ</em></strong></span> <span class='ocrx_word' id='word_1_89' title='bbox 462 1469 628 1548; x_wconf 73' lang='grc' dir='ltr'><em>πολιτείας</em></span> <span class='ocrx_word' id='word_1_90' title='bbox 661 1462 758 1534; x_wconf 85' lang='grc' dir='ltr'>Πάνυ</span> <span class='ocrx_word' id='word_1_91' title='bbox 780 1475 840 1555; x_wconf 76' lang='grc' dir='ltr'>μὲν</span> <span class='ocrx_word' id='word_1_92' title='bbox 861 1454 930 1534; x_wconf 76' lang='grc' dir='ltr'><em>οὖν.</em></span> <span class='ocrx_word' id='word_1_93' title='bbox 974 1466 1021 1533; x_wconf 82' lang='lat' dir='ltr'>Gi.</span> <span class='ocrx_word' id='word_1_94' title='bbox 1049 1487 1082 1554; x_wconf 81' lang='lat' dir='ltr'>p.</span> <span class='ocrx_word' id='word_1_95' title='bbox 1114 1469 1196 1545; x_wconf 69' lang='lat'>545,</span> <span class='ocrx_word' id='word_1_96' title='bbox 1233 1469 1271 1534; x_wconf 85' lang='lat' dir='ltr'>G.</span> 
     </span>
     <span class='ocr_line' id='line_1_12' title="bbox 92 1569 1271 1658; baseline 0.004 -24"><span class='ocrx_word' id='word_1_97' title='bbox 92 1592 165 1656; x_wconf 83' lang='lat' dir='ltr'>sqq.</span> <span class='ocrx_word' id='word_1_98' title='bbox 180 1573 225 1636; x_wconf 89' lang='lat' dir='ltr'>St.</span> <span class='ocrx_word' id='word_1_99' title='bbox 263 1572 352 1636; x_wconf 87' lang='lat' dir='ltr'>Hanc</span> <span class='ocrx_word' id='word_1_100' title='bbox 369 1575 408 1636; x_wconf 87' lang='lat' dir='ltr'>du</span> <span class='ocrx_word' id='word_1_101' title='bbox 420 1571 627 1656; x_wconf 77' lang='lat' dir='ltr'>Reipublicae</span> <span class='ocrx_word' id='word_1_102' title='bbox 645 1571 781 1658; x_wconf 87' lang='lat' dir='ltr'>optimae</span> <span class='ocrx_word' id='word_1_103' title='bbox 798 1569 926 1636; x_wconf 84' lang='lat' dir='ltr'>interitu</span> <span class='ocrx_word' id='word_1_104' title='bbox 943 1569 1185 1657; x_wconf 88' lang='lat' dir='ltr'>disputationem</span> <span class='ocrx_word' id='word_1_105' title='bbox 1201 1593 1271 1638; x_wconf 84' lang='lat' dir='ltr'>ease</span> 
     </span>
     <span class='ocr_line' id='line_1_13' title="bbox 92 1671 1270 1762; baseline 0.003 -24"><span class='ocrx_word' id='word_1_106' title='bbox 92 1695 135 1738; x_wconf 86' lang='lat' dir='ltr'>ex</span> <span class='ocrx_word' id='word_1_107' title='bbox 161 1675 246 1740; x_wconf 91' lang='lat' dir='ltr'>omni</span> <span class='ocrx_word' id='word_1_108' title='bbox 270 1683 360 1758; x_wconf 86' lang='lat' dir='ltr'>parte</span> <span class='ocrx_word' id='word_1_109' title='bbox 386 1671 546 1761; x_wconf 76' lang='lat' dir='ltr'>politicam</span> <span class='ocrx_word' id='word_1_110' title='bbox 572 1674 780 1739; x_wconf 88' lang='lat' dir='ltr'>demonstrari</span> <span class='ocrx_word' id='word_1_111' title='bbox 804 1681 911 1757; x_wconf 89' lang='lat' dir='ltr'>potest</span> <span class='ocrx_word' id='word_1_112' title='bbox 936 1676 996 1738; x_wconf 83' lang='lat' dir='ltr'>sic:</span> <span class='ocrx_word' id='word_1_113' title='bbox 1030 1673 1139 1750; x_wconf 87' lang='lat' dir='ltr'>Plato,</span> <span class='ocrx_word' id='word_1_114' title='bbox 1172 1695 1270 1762; x_wconf 87' lang='lat' dir='ltr'>quum</span> 
     </span>
     <span class='ocr_line' id='line_1_14' title="bbox 91 1774 1273 1865; baseline 0 -21"><span class='ocrx_word' id='word_1_115' title='bbox 91 1778 254 1865; x_wconf 71' lang='lat' dir='ltr'>perlectae</span> <span class='ocrx_word' id='word_1_116' title='bbox 282 1777 485 1865; x_wconf 76' lang='lat' dir='ltr'>Reipublicae</span> <span class='ocrx_word' id='word_1_117' title='bbox 513 1777 674 1842; x_wconf 89' lang='lat' dir='ltr'>interitum</span> <span class='ocrx_word' id='word_1_118' title='bbox 701 1777 860 1860; x_wconf 79' lang='lat' dir='ltr'>explicare</span> <span class='ocrx_word' id='word_1_119' title='bbox 886 1774 998 1855; x_wconf 83' lang='lat' dir='ltr'>vellet,</span> <span class='ocrx_word' id='word_1_120' title='bbox 1031 1775 1194 1859; x_wconf 84' lang='lat' dir='ltr'>proiectus</span> <span class='ocrx_word' id='word_1_121' title='bbox 1223 1787 1273 1844; x_wconf 86' lang='lat' dir='ltr'>est</span> 
     </span>
     <span class='ocr_line' id='line_1_15' title="bbox 93 1879 1272 1966; baseline 0 -20"><span class='ocrx_word' id='word_1_122' title='bbox 93 1885 135 1946; x_wconf 89' lang='lat' dir='ltr'>ab</span> <span class='ocrx_word' id='word_1_123' title='bbox 156 1880 311 1946; x_wconf 87' lang='lat' dir='ltr'>eiusmodi</span> <span class='ocrx_word' id='word_1_124' title='bbox 326 1879 502 1956; x_wconf 84' lang='lat' dir='ltr'>sententia,</span> <span class='ocrx_word' id='word_1_125' title='bbox 526 1901 587 1966; x_wconf 90' lang='lat' dir='ltr'>qna</span> <span class='ocrx_word' id='word_1_126' title='bbox 611 1888 759 1965; x_wconf 85' lang='lat' dir='ltr'>tanquam</span> <span class='ocrx_word' id='word_1_127' title='bbox 781 1879 903 1963; x_wconf 80' lang='lat' dir='ltr'>regula,</span> <span class='ocrx_word' id='word_1_128' title='bbox 930 1879 1090 1958; x_wconf 89' lang='lat' dir='ltr'>omnium,</span> <span class='ocrx_word' id='word_1_129' title='bbox 1115 1889 1272 1966; x_wconf 78' lang='lat' dir='ltr'><strong>quotquot</strong></span> 
     </span>
     <span class='ocr_line' id='line_1_16' title="bbox 8 1982 1270 2069; baseline 0.001 -20"><span class='ocrx_word' id='word_1_130' title='bbox 8 2031 10 2062; x_wconf 79' lang='grc'><em>,</em></span> <span class='ocrx_word' id='word_1_131' title='bbox 93 1992 183 2060; x_wconf 87' lang='lat' dir='ltr'>sunt,</span> <span class='ocrx_word' id='word_1_132' title='bbox 221 1983 382 2051; x_wconf 84' lang='lat' dir='ltr'>civitatum</span> <span class='ocrx_word' id='word_1_133' title='bbox 409 1985 568 2050; x_wconf 88' lang='lat' dir='ltr'>interitum</span> <span class='ocrx_word' id='word_1_134' title='bbox 599 1986 857 2069; x_wconf 80' lang='lat' dir='ltr'>amplecteretur,</span> <span class='ocrx_word' id='word_1_135' title='bbox 888 1982 1020 2050; x_wconf 84' lang='lat' dir='ltr'>interire</span> <span class='ocrx_word' id='word_1_136' title='bbox 1049 1983 1191 2049; x_wconf 83' lang='lat' dir='ltr'>civitates</span> <span class='ocrx_word' id='word_1_137' title='bbox 1212 1985 1270 2050; x_wconf 86' lang='lat' dir='ltr'>do·</span> 
     </span>
     <span class='ocr_line' id='line_1_17' title="bbox 94 2086 1269 2173; baseline 0.002 -21"><span class='ocrx_word' id='word_1_138' title='bbox 94 2107 169 2152; x_wconf 86' lang='lat' dir='ltr'>cens</span> <span class='ocrx_word' id='word_1_139' title='bbox 181 2133 190 2164; x_wconf 88' lang='lat'><strong><em>,</em></strong></span> <span class='ocrx_word' id='word_1_140' title='bbox 228 2089 255 2152; x_wconf 87' lang='lat' dir='ltr'>si</span> <span class='ocrx_word' id='word_1_141' title='bbox 284 2088 317 2152; x_wconf 90' lang='lat' dir='ltr'>in</span> <span class='ocrx_word' id='word_1_142' title='bbox 345 2087 400 2164; x_wconf 85' lang='lat' dir='ltr'>iis,</span> <span class='ocrx_word' id='word_1_143' title='bbox 434 2089 488 2172; x_wconf 92' lang='lat' dir='ltr'>qui</span> <span class='ocrx_word' id='word_1_144' title='bbox 513 2089 681 2173; x_wconf 87' lang='lat' dir='ltr'>imperium</span> <span class='ocrx_word' id='word_1_145' title='bbox 710 2094 856 2164; x_wconf 85' lang='lat' dir='ltr'>teneant,</span> <span class='ocrx_word' id='word_1_146' title='bbox 890 2086 1055 2153; x_wconf 86' lang='lat' dir='ltr'>dissidium</span> <span class='ocrx_word' id='word_1_147' title='bbox 1082 2094 1188 2153; x_wconf 89' lang='lat' dir='ltr'>ortum</span> <span class='ocrx_word' id='word_1_148' title='bbox 1215 2091 1269 2167; x_wconf 79' lang='lat' dir='ltr'>sit,</span> 
     </span>
     <span class='ocr_line' id='line_1_18' title="bbox 92 2187 1271 2277; baseline 0.004 -22"><span class='ocrx_word' id='word_1_149' title='bbox 92 2209 153 2256; x_wconf 86' lang='lat' dir='ltr'>nec</span> <span class='ocrx_word' id='word_1_150' title='bbox 179 2211 273 2274; x_wconf 87' lang='lat' dir='ltr'>posse</span> <span class='ocrx_word' id='word_1_151' title='bbox 301 2187 423 2256; x_wconf 86' lang='lat' dir='ltr'>moveri</span> <span class='ocrx_word' id='word_1_152' title='bbox 451 2194 477 2256; x_wconf 92' lang='lat' dir='ltr'>si</span> <span class='ocrx_word' id='word_1_153' title='bbox 497 2195 683 2257; x_wconf 80' lang='lat' dir='ltr'>concordes</span> <span class='ocrx_word' id='word_1_154' title='bbox 714 2192 796 2268; x_wconf 87' lang='lat' dir='ltr'>sint,</span> <span class='ocrx_word' id='word_1_155' title='bbox 836 2188 957 2257; x_wconf 85' lang='lat' dir='ltr'>etiamsi</span> <span class='ocrx_word' id='word_1_156' title='bbox 993 2189 1056 2255; x_wconf 86' lang='lat' dir='ltr'>sint</span> <span class='ocrx_word' id='word_1_157' title='bbox 1086 2191 1271 2277; x_wconf 82' lang='lat' dir='ltr'>paucissimi</span> 
     </span>
     <span class='ocr_line' id='line_1_19' title="bbox 8 2293 1271 2380; baseline 0.001 -21"><span class='ocrx_word' id='word_1_158' title='bbox 8 2349 9 2380; x_wconf 69' lang='grc'><em>,</em></span> <span class='ocrx_word' id='word_1_159' title='bbox 93 2313 239 2360; x_wconf 85' lang='lat' dir='ltr'>numero.</span> <span class='ocrx_word' id='word_1_160' title='bbox 289 2297 428 2379; x_wconf 84' lang='lat' dir='ltr'>Exponit</span> <span class='ocrx_word' id='word_1_161' title='bbox 450 2293 573 2362; x_wconf 88' lang='lat' dir='ltr'>deindo</span> <span class='ocrx_word' id='word_1_162' title='bbox 604 2293 766 2380; x_wconf 89' lang='lat' dir='ltr'>quomodo</span> <span class='ocrx_word' id='word_1_163' title='bbox 795 2297 828 2360; x_wconf 92' lang='lat' dir='ltr'>in</span> <span class='ocrx_word' id='word_1_164' title='bbox 860 2293 1092 2379; x_wconf 79' lang='lat' dir='ltr'>magistratibus</span> <span class='ocrx_word' id='word_1_165' title='bbox 1125 2295 1204 2378; x_wconf 86' lang='lat' dir='ltr'>ipsis</span> <span class='ocrx_word' id='word_1_166' title='bbox 1238 2303 1271 2360; x_wconf 85' lang='lat' dir='ltr'>et</span> 
     </span>
     <span class='ocr_line' id='line_1_20' title="bbox 8 2392 1269 2486; baseline 0.001 -24"><span class='ocrx_word' id='word_1_167' title='bbox 8 2455 9 2486; x_wconf 60' lang='grc'><em>,</em></span> <span class='ocrx_word' id='word_1_168' title='bbox 92 2397 132 2462; x_wconf 89' lang='lat' dir='ltr'>iis</span> <span class='ocrx_word' id='word_1_169' title='bbox 151 2417 232 2482; x_wconf 77' lang='lat' dir='ltr'>qaros</span> <span class='ocrx_word' id='word_1_170' title='bbox 257 2392 451 2484; x_wconf 81' lang='grc' dir='ltr'><em>ἐπικούρους</em></span> <span class='ocrx_word' id='word_1_171' title='bbox 473 2397 625 2462; x_wconf 88' lang='lat' dir='ltr'>hocloco</span> <span class='ocrx_word' id='word_1_172' title='bbox 648 2400 799 2473; x_wconf 87' lang='lat' dir='ltr'>nominat,</span> <span class='ocrx_word' id='word_1_173' title='bbox 822 2397 987 2462; x_wconf 83' lang='lat' dir='ltr'>dissidium</span> <span class='ocrx_word' id='word_1_174' title='bbox 1009 2396 1141 2463; x_wconf 90' lang='lat' dir='ltr'>oriatur.</span> <span class='ocrx_word' id='word_1_175' title='bbox 1177 2399 1269 2474; x_wconf 85' lang='lat' dir='ltr'>Quae</span> 
     </span>
     <span class='ocr_line' id='line_1_21' title="bbox 7 2497 1268 2590; baseline 0.002 -25"><span class='ocrx_word' id='word_1_176' title='bbox 7 2557 9 2590; x_wconf 70' lang='grc'><em>,</em></span> <span class='ocrx_word' id='word_1_177' title='bbox 92 2502 203 2587; x_wconf 88' lang='lat' dir='ltr'>procul</span> <span class='ocrx_word' id='word_1_178' title='bbox 223 2497 322 2566; x_wconf 88' lang='lat' dir='ltr'>dubio</span> <span class='ocrx_word' id='word_1_179' title='bbox 346 2503 386 2566; x_wconf 91' lang='lat' dir='ltr'>ad</span> <span class='ocrx_word' id='word_1_180' title='bbox 409 2499 644 2587; x_wconf 83' lang='lat' dir='ltr'>Rempnblicam</span> <span class='ocrx_word' id='word_1_181' title='bbox 665 2500 771 2570; x_wconf 88' lang='lat' dir='ltr'>omnia</span> <span class='ocrx_word' id='word_1_182' title='bbox 787 2503 956 2586; x_wconf 87' lang='lat' dir='ltr'>pertinent.</span> <span class='ocrx_word' id='word_1_183' title='bbox 1001 2499 1094 2577; x_wconf 89' lang='lat' dir='ltr'>Quod</span> <span class='ocrx_word' id='word_1_184' title='bbox 1115 2499 1143 2566; x_wconf 87' lang='lat' dir='ltr'>si</span> <span class='ocrx_word' id='word_1_185' title='bbox 1162 2507 1268 2566; x_wconf 87' lang='lat' dir='ltr'>autem</span> 
     </span>
     <span class='ocr_line' id='line_1_22' title="bbox 7 2600 1269 2691; baseline 0.001 -21"><span class='ocrx_word' id='word_1_186' title='bbox 7 2663 9 2670; x_wconf 80' lang='grc'><em>,</em></span> <span class='ocrx_word' id='word_1_187' title='bbox 92 2607 170 2670; x_wconf 87' lang='lat' dir='ltr'>baec</span> <span class='ocrx_word' id='word_1_188' title='bbox 195 2602 235 2668; x_wconf 89' lang='lat' dir='ltr'>ad</span> <span class='ocrx_word' id='word_1_189' title='bbox 260 2600 496 2689; x_wconf 82' lang='lat' dir='ltr'>Rempnblicam</span> <span class='ocrx_word' id='word_1_190' title='bbox 520 2603 695 2691; x_wconf 85' lang='lat' dir='ltr'>pertinent,</span> <span class='ocrx_word' id='word_1_191' title='bbox 726 2605 820 2670; x_wconf 88' lang='lat' dir='ltr'>etiam</span> <span class='ocrx_word' id='word_1_192' title='bbox 849 2625 929 2690; x_wconf 87' lang='lat' dir='ltr'>quae</span> <span class='ocrx_word' id='word_1_193' title='bbox 949 2603 1123 2686; x_wconf 83' lang='lat' dir='ltr'>praecessit</span> <span class='ocrx_word' id='word_1_194' title='bbox 1146 2623 1269 2670; x_wconf 87' lang='lat' dir='ltr'>sermo·</span> 
     </span>
     <span class='ocr_line' id='line_1_23' title="bbox 7 2705 1270 2800; baseline 0 -28"><span class='ocrx_word' id='word_1_195' title='bbox 7 2767 8 2800; x_wconf 34' lang='lat'>3</span> <span class='ocrx_word' id='word_1_196' title='bbox 93 2711 141 2772; x_wconf 86' lang='lat' dir='ltr'>nis</span> <span class='ocrx_word' id='word_1_197' title='bbox 161 2725 246 2793; x_wconf 88' lang='lat' dir='ltr'>pars,</span> <span class='ocrx_word' id='word_1_198' title='bbox 277 2710 318 2774; x_wconf 87' lang='lat' dir='ltr'>ad</span> <span class='ocrx_word' id='word_1_199' title='bbox 343 2726 436 2791; x_wconf 86' lang='lat' dir='ltr'>qnam</span> <span class='ocrx_word' id='word_1_200' title='bbox 459 2709 538 2772; x_wconf 84' lang='lat' dir='ltr'>baec</span> <span class='ocrx_word' id='word_1_201' title='bbox 560 2709 728 2774; x_wconf 84' lang='lat' dir='ltr'>referenda</span> <span class='ocrx_word' id='word_1_202' title='bbox 749 2715 840 2784; x_wconf 85' lang='lat' dir='ltr'>sunt,</span> <span class='ocrx_word' id='word_1_203' title='bbox 872 2710 911 2772; x_wconf 85' lang='lat' dir='ltr'>ad</span> <span class='ocrx_word' id='word_1_204' title='bbox 932 2705 1171 2792; x_wconf 84' lang='lat' dir='ltr'>Rempnblicam</span> <span class='ocrx_word' id='word_1_205' title='bbox 1194 2727 1270 2795; x_wconf 87' lang='lat' dir='ltr'>per·</span> 
     </span>
     <span class='ocr_line' id='line_1_24' title="bbox 7 2809 1269 2898; baseline -0.002 -20"><span class='ocrx_word' id='word_1_206' title='bbox 7 2873 8 2878; x_wconf 73' lang='grc'><em>,</em></span> <span class='ocrx_word' id='word_1_207' title='bbox 91 2813 195 2875; x_wconf 88' lang='lat' dir='ltr'>tinere</span> <span class='ocrx_word' id='word_1_208' title='bbox 222 2811 375 2896; x_wconf 88' lang='lat' dir='ltr'>seqnitur.</span> <span class='ocrx_word' id='word_1_209' title='bbox 418 2813 465 2876; x_wconf 88' lang='lat' dir='ltr'>lta</span> <span class='ocrx_word' id='word_1_210' title='bbox 495 2833 529 2876; x_wconf 91' lang='lat' dir='ltr'>se</span> <span class='ocrx_word' id='word_1_211' title='bbox 554 2825 622 2877; x_wconf 89' lang='lat' dir='ltr'>rem</span> <span class='ocrx_word' id='word_1_212' title='bbox 647 2809 764 2878; x_wconf 88' lang='lat' dir='ltr'>babere</span> <span class='ocrx_word' id='word_1_213' title='bbox 790 2819 877 2898; x_wconf 88' lang='lat' dir='ltr'>patet</span> <span class='ocrx_word' id='word_1_214' title='bbox 904 2813 998 2878; x_wconf 83' lang='lat' dir='ltr'>otium</span> <span class='ocrx_word' id='word_1_215' title='bbox 1025 2830 1066 2876; x_wconf 84' lang='lat' dir='ltr'>ex</span> <span class='ocrx_word' id='word_1_216' title='bbox 1089 2813 1269 2897; x_wconf 79' lang='lat' dir='ltr'>Aristotelis</span> 
     </span>
     <span class='ocr_line' id='line_1_25' title="bbox 91 2911 1343 3001; baseline 0.002 -22"><span class='ocrx_word' id='word_1_217' title='bbox 91 2912 179 2990; x_wconf 90' lang='lat' dir='ltr'>loco,</span> <span class='ocrx_word' id='word_1_218' title='bbox 211 2913 278 2980; x_wconf 84' lang='lat' dir='ltr'>Pol.</span> <span class='ocrx_word' id='word_1_219' title='bbox 300 2911 355 2978; x_wconf 92' lang='lat' dir='ltr'>lib.</span> <span class='ocrx_word' id='word_1_220' title='bbox 378 2919 417 2980; x_wconf 91' lang='lat' dir='ltr'>V.</span> <span class='ocrx_word' id='word_1_221' title='bbox 441 2935 470 2980; x_wconf 89' lang='lat' dir='ltr'>c.</span> <span class='ocrx_word' id='word_1_222' title='bbox 493 2918 537 2979; x_wconf 85' lang='lat' dir='ltr'>X.</span> <span class='ocrx_word' id='word_1_223' title='bbox 560 2914 646 2999; x_wconf 89' lang='lat' dir='ltr'>apud</span> <span class='ocrx_word' id='word_1_224' title='bbox 666 2918 804 2980; x_wconf 84' lang='lat' dir='ltr'>Belkcr.</span> <span class='ocrx_word' id='word_1_225' title='bbox 835 2915 899 2981; x_wconf 81' lang='lat' dir='ltr'>vol.</span> <span class='ocrx_word' id='word_1_226' title='bbox 929 2917 968 2980; x_wconf 92' lang='lat' dir='ltr'>ll.</span> <span class='ocrx_word' id='word_1_227' title='bbox 997 2936 1030 2999; x_wconf 91' lang='lat' dir='ltr'>p.</span> <span class='ocrx_word' id='word_1_228' title='bbox 1060 2919 1172 2991; x_wconf 76' lang='lat'><strong>1316..</strong></span> <span class='ocrx_word' id='word_1_229' title='bbox 1204 2934 1267 3001; x_wconf 91' lang='lat' dir='ltr'>quo</span> <span class='ocrx_word' id='word_1_230' title='bbox 1340 2991 1343 3000; x_wconf 30' lang='lat'>¹</span> 
     </span>
     <span class='ocr_line' id='line_1_26' title="bbox 90 3013 1268 3112; baseline 0.002 -30"><span class='ocrx_word' id='word_1_231' title='bbox 90 3020 171 3082; x_wconf 87' lang='lat' dir='ltr'>baec</span> <span class='ocrx_word' id='word_1_232' title='bbox 190 3017 413 3100; x_wconf 84' lang='lat' dir='ltr'>reprehendit:</span> <span class='ocrx_word' id='word_1_233' title='bbox 438 3013 494 3084; x_wconf 86' lang='grc' dir='ltr'>Ἐν</span> <span class='ocrx_word' id='word_1_234' title='bbox 514 3020 550 3084; x_wconf 76' lang='grc' dir='ltr'>δὲ</span> <span class='ocrx_word' id='word_1_235' title='bbox 572 3019 610 3112; x_wconf 77' lang='grc' dir='ltr'><em>τῇ</em></span> <span class='ocrx_word' id='word_1_236' title='bbox 632 3019 782 3110; x_wconf 70' lang='grc' dir='ltr'><em>πολιτείᾳ</em></span> <span class='ocrx_word' id='word_1_237' title='bbox 802 3021 931 3103; x_wconf 82' lang='grc' dir='ltr'><em>λέγεται</em></span> <span class='ocrx_word' id='word_1_238' title='bbox 952 3024 1012 3104; x_wconf 76' lang='grc' dir='ltr'>μὲν</span> <span class='ocrx_word' id='word_1_239' title='bbox 1032 3023 1105 3109; x_wconf 78' lang='grc' dir='ltr'><em>περὶ</em></span> <span class='ocrx_word' id='word_1_240' title='bbox 1128 3018 1191 3084; x_wconf 82' lang='grc' dir='ltr'><em>τῶν</em></span> <span class='ocrx_word' id='word_1_241' title='bbox 1211 3041 1268 3105; x_wconf 81' lang='grc' dir='ltr'><em>με·</em></span> 
     </span>
     <span class='ocr_line' id='line_1_27' title="bbox 91 3113 1268 3212; baseline 0 -26"><span class='ocrx_word' id='word_1_242' title='bbox 91 3121 243 3202; x_wconf 85' lang='grc' dir='ltr'><em>ταβολῶν</em></span> <span class='ocrx_word' id='word_1_243' title='bbox 264 3114 328 3186; x_wconf 78' lang='grc' dir='ltr'>ὑπὸ</span> <span class='ocrx_word' id='word_1_244' title='bbox 351 3122 415 3186; x_wconf 76' lang='grc' dir='ltr'>τοῦ</span> <span class='ocrx_word' id='word_1_245' title='bbox 432 3113 648 3212; x_wconf 73' lang='grc' dir='ltr'><em>Σωκράτους,</em></span> <span class='ocrx_word' id='word_1_246' title='bbox 671 3117 709 3188; x_wconf 80' lang='grc' dir='ltr'><em>οὐ</em></span> <span class='ocrx_word' id='word_1_247' title='bbox 730 3124 842 3208; x_wconf 85' lang='grc' dir='ltr'><em>μέντοι</em></span> <span class='ocrx_word' id='word_1_248' title='bbox 865 3123 993 3205; x_wconf 84' lang='grc' dir='ltr'><em>λέγεται</em></span> <span class='ocrx_word' id='word_1_249' title='bbox 1014 3121 1130 3198; x_wconf 82' lang='grc' dir='ltr'><em>καλῶς·</em></span> <span class='ocrx_word' id='word_1_250' title='bbox 1153 3120 1211 3201; x_wconf 84' lang='grc' dir='ltr'>τῆς</span> <span class='ocrx_word' id='word_1_251' title='bbox 1233 3143 1268 3186; x_wconf 84' lang='grc' dir='ltr'>τε</span> 
     </span>
     <span class='ocr_line' id='line_1_28' title="bbox 90 3218 1268 3314; baseline 0 -24"><span class='ocrx_word' id='word_1_252' title='bbox 90 3219 156 3311; x_wconf 83' lang='grc' dir='ltr'>γὰρ</span> <span class='ocrx_word' id='word_1_253' title='bbox 186 3218 321 3310; x_wconf 86' lang='grc' dir='ltr'><em>ἀρίστης</em></span> <span class='ocrx_word' id='word_1_254' title='bbox 347 3224 514 3302; x_wconf 81' lang='grc' dir='ltr'><em>πολιτείας</em></span> <span class='ocrx_word' id='word_1_255' title='bbox 542 3229 597 3291; x_wconf 84' lang='grc' dir='ltr'>καὶ</span> <span class='ocrx_word' id='word_1_256' title='bbox 624 3220 754 3314; x_wconf 81' lang='grc' dir='ltr'><em>πρώτης</em></span> <span class='ocrx_word' id='word_1_257' title='bbox 781 3220 881 3306; x_wconf 77' lang='grc' dir='ltr'><em>οὔσης</em></span> <span class='ocrx_word' id='word_1_258' title='bbox 910 3219 948 3290; x_wconf 76' lang='lat' dir='ltr'>od</span> <span class='ocrx_word' id='word_1_259' title='bbox 976 3225 1061 3308; x_wconf 81' lang='grc' dir='ltr'><em>λέγει</em></span> <span class='ocrx_word' id='word_1_260' title='bbox 1087 3219 1147 3305; x_wconf 79' lang='grc' dir='ltr'><em>τὴν</em></span> <span class='ocrx_word' id='word_1_261' title='bbox 1166 3247 1268 3311; x_wconf 62' lang='grc' dir='ltr'><em>μετα·</em></span> 
     </span>
     <span class='ocr_line' id='line_1_29' title="bbox 88 3319 1269 3413; baseline 0.003 -22"><span class='ocrx_word' id='word_1_262' title='bbox 88 3321 196 3412; x_wconf 81' lang='grc' dir='ltr'><em>βολίγν</em></span> <span class='ocrx_word' id='word_1_263' title='bbox 218 3321 317 3404; x_wconf 85' lang='grc' dir='ltr'><em>ἰδίως.</em></span> <span class='ocrx_word' id='word_1_264' title='bbox 348 3334 380 3391; x_wconf 85' lang='lat' dir='ltr'>ot</span> <span class='ocrx_word' id='word_1_265' title='bbox 399 3329 496 3412; x_wconf 86' lang='lat' dir='ltr'>paulo</span> <span class='ocrx_word' id='word_1_266' title='bbox 518 3327 635 3394; x_wconf 83' lang='lat' dir='ltr'>serius:</span> <span class='ocrx_word' id='word_1_267' title='bbox 666 3323 735 3394; x_wconf 80' lang='grc' dir='ltr'><em>ἀλλ’</em></span> <span class='ocrx_word' id='word_1_268' title='bbox 766 3319 850 3410; x_wconf 84' lang='grc' dir='ltr'><em>αίίτη</em></span> <span class='ocrx_word' id='word_1_269' title='bbox 879 3327 911 3394; x_wconf 92' lang='grc' dir='ltr'><em>τί</em></span> <span class='ocrx_word' id='word_1_270' title='bbox 932 3322 973 3394; x_wconf 84' lang='grc' dir='ltr'>ἀν</span> <span class='ocrx_word' id='word_1_271' title='bbox 994 3327 1077 3404; x_wconf 77' lang='grc' dir='ltr'><em>ἰ’ὂιος</em></span> <span class='ocrx_word' id='word_1_272' title='bbox 1098 3328 1147 3408; x_wconf 81' lang='grc' dir='ltr'><em>εἴη</em></span> <span class='ocrx_word' id='word_1_273' title='bbox 1168 3350 1269 3413; x_wconf 84' lang='grc' dir='ltr'><em>μετα·</em></span> 
     </span>
     <span class='ocr_line' id='line_1_30' title="bbox 88 3423 1269 3518; baseline 0.003 -24"><span class='ocrx_word' id='word_1_274' title='bbox 88 3425 177 3515; x_wconf 78' lang='grc' dir='ltr'><em>βολὴ</em></span> <span class='ocrx_word' id='word_1_275' title='bbox 204 3429 263 3510; x_wconf 84' lang='grc' dir='ltr'>τῆς</span> <span class='ocrx_word' id='word_1_276' title='bbox 289 3423 340 3496; x_wconf 79' lang='grc' dir='ltr'>ὑπ’</span> <span class='ocrx_word' id='word_1_277' title='bbox 373 3430 494 3496; x_wconf 80' lang='grc' dir='ltr'><em>ἐκείνου</em></span> <span class='ocrx_word' id='word_1_278' title='bbox 525 3433 698 3516; x_wconf 80' lang='grc' dir='ltr'><em>λεγομένης</em></span> <span class='ocrx_word' id='word_1_279' title='bbox 730 3427 866 3518; x_wconf 87' lang='grc' dir='ltr'><em>ἀρίστης</em></span> <span class='ocrx_word' id='word_1_280' title='bbox 897 3430 1065 3509; x_wconf 87' lang='grc' dir='ltr'><em>πολιτείας</em></span> <span class='ocrx_word' id='word_1_281' title='bbox 1092 3431 1219 3516; x_wconf 77' lang='grc' dir='ltr'><em>μᾶλλον</em></span> <span class='ocrx_word' id='word_1_282' title='bbox 1246 3427 1269 3512; x_wconf 76' lang='grc' dir='ltr'><em>ἢ</em></span> 
     </span>
     <span class='ocr_line' id='line_1_31' title="bbox 89 3523 1268 3620; baseline 0.001 -21"><span class='ocrx_word' id='word_1_283' title='bbox 89 3533 157 3599; x_wconf 73' lang='grc' dir='ltr'><em>τῶν</em></span> <span class='ocrx_word' id='word_1_284' title='bbox 184 3528 292 3599; x_wconf 82' lang='grc' dir='ltr'><em>ἀλλων</em></span> <span class='ocrx_word' id='word_1_285' title='bbox 319 3523 452 3611; x_wconf 63' lang='lat' dir='ltr'>anonim</span> <span class='ocrx_word' id='word_1_286' title='bbox 487 3537 647 3599; x_wconf 85' lang='lat' dir='ltr'>Docemur</span> <span class='ocrx_word' id='word_1_287' title='bbox 677 3542 786 3600; x_wconf 86' lang='lat' dir='ltr'>antem</span> <span class='ocrx_word' id='word_1_288' title='bbox 807 3537 856 3601; x_wconf 91' lang='lat' dir='ltr'>bis</span> <span class='ocrx_word' id='word_1_289' title='bbox 885 3532 1032 3620; x_wconf 83' lang='lat' dir='ltr'>quaeda</span> <span class='ocrx_word' id='word_1_290' title='bbox 1064 3533 1268 3616; x_wconf 87' lang='lat' dir='ltr'>Reipublicae</span> 
     </span>
     <span class='ocr_line' id='line_1_32' title="bbox 88 3633 1267 3719; baseline 0.002 -19"><span class='ocrx_word' id='word_1_291' title='bbox 88 3633 251 3719; x_wconf 80' lang='lat' dir='ltr'>periectas</span> <span class='ocrx_word' id='word_1_292' title='bbox 273 3634 405 3701; x_wconf 84' lang='lat' dir='ltr'>interitu</span> <span class='ocrx_word' id='word_1_293' title='bbox 428 3635 635 3712; x_wconf 87' lang='lat' dir='ltr'>disseruntur,</span> <span class='ocrx_word' id='word_1_294' title='bbox 665 3659 729 3703; x_wconf 91' lang='lat' dir='ltr'>non</span> <span class='ocrx_word' id='word_1_295' title='bbox 757 3637 857 3703; x_wconf 92' lang='lat' dir='ltr'>solum</span> <span class='ocrx_word' id='word_1_296' title='bbox 883 3645 974 3704; x_wconf 83' lang='lat' dir='ltr'>antea</span> <span class='ocrx_word' id='word_1_297' title='bbox 998 3637 1038 3704; x_wconf 84' lang='lat' dir='ltr'>de</span> <span class='ocrx_word' id='word_1_298' title='bbox 1059 3636 1267 3702; x_wconf 86' lang='lat' dir='ltr'>matrimoniis</span> 
     </span>
     <span class='ocr_line' id='line_1_33' title="bbox 90 3729 1268 3830; baseline 0.003 -25"><span class='ocrx_word' id='word_1_299' title='bbox 90 3741 177 3805; x_wconf 89' lang='lat' dir='ltr'>dicta</span> <span class='ocrx_word' id='word_1_300' title='bbox 200 3738 239 3804; x_wconf 89' lang='lat' dir='ltr'>ad</span> <span class='ocrx_word' id='word_1_301' title='bbox 264 3737 499 3824; x_wconf 89' lang='lat' dir='ltr'>Rempnblicam</span> <span class='ocrx_word' id='word_1_302' title='bbox 515 3743 703 3830; x_wconf 84' lang='lat' dir='ltr'>pertinere,</span> <span class='ocrx_word' id='word_1_303' title='bbox 738 3749 854 3805; x_wconf 86' lang='lat' dir='ltr'>ettam</span> <span class='ocrx_word' id='word_1_304' title='bbox 880 3743 988 3826; x_wconf 78' lang='lat' dir='ltr'>gravia</span> <span class='ocrx_word' id='word_1_305' title='bbox 1013 3729 1083 3806; x_wconf 82' lang='lat' dir='ltr'>csse</span> <span class='ocrx_word' id='word_1_306' title='bbox 1108 3747 1145 3805; x_wconf 88' lang='lat' dir='ltr'>nt</span> <span class='ocrx_word' id='word_1_307' title='bbox 1168 3740 1202 3806; x_wconf 90' lang='lat' dir='ltr'>in</span> <span class='ocrx_word' id='word_1_308' title='bbox 1228 3743 1268 3808; x_wconf 82' lang='lat' dir='ltr'>iis</span> 
     </span>
     <span class='ocr_line' id='line_1_34' title="bbox 61 3839 1268 3929; baseline 0.003 -23"><span class='ocrx_word' id='word_1_309' title='bbox 61 3871 65 3882; x_wconf 63' lang='lat'><strong><em>¹</em></strong></span> <span class='ocrx_word' id='word_1_310' title='bbox 89 3839 294 3926; x_wconf 88' lang='lat' dir='ltr'>Reipublicae</span> <span class='ocrx_word' id='word_1_311' title='bbox 316 3844 400 3906; x_wconf 88' lang='lat' dir='ltr'>salus</span> <span class='ocrx_word' id='word_1_312' title='bbox 424 3841 551 3918; x_wconf 88' lang='lat' dir='ltr'>uitetur,</span> <span class='ocrx_word' id='word_1_313' title='bbox 579 3845 823 3921; x_wconf 72' lang='lat' dir='ltr'>sedenarium,</span> <span class='ocrx_word' id='word_1_314' title='bbox 850 3863 931 3929; x_wconf 89' lang='lat' dir='ltr'>quac</span> <span class='ocrx_word' id='word_1_315' title='bbox 954 3851 1045 3910; x_wconf 86' lang='lat' dir='ltr'>antea</span> <span class='ocrx_word' id='word_1_316' title='bbox 1067 3844 1268 3910; x_wconf 80' lang='lat' dir='ltr'>domanicae</span> 
     </span>
     <span class='ocr_line' id='line_1_35' title="bbox 91 3945 1266 4035; baseline 0.004 -25"><span class='ocrx_word' id='word_1_317' title='bbox 91 3954 125 4010; x_wconf 88' lang='lat' dir='ltr'>et</span> <span class='ocrx_word' id='word_1_318' title='bbox 147 3945 357 4033; x_wconf 78' lang='lat' dir='ltr'>gymnasticae</span> <span class='ocrx_word' id='word_1_319' title='bbox 376 3948 453 4010; x_wconf 87' lang='lat' dir='ltr'>artis</span> <span class='ocrx_word' id='word_1_320' title='bbox 474 3945 585 4011; x_wconf 89' lang='lat' dir='ltr'>studiis</span> <span class='ocrx_word' id='word_1_321' title='bbox 606 3945 772 4032; x_wconf 86' lang='lat' dir='ltr'>proposita</span> <span class='ocrx_word' id='word_1_322' title='bbox 795 3955 877 4024; x_wconf 89' lang='lat' dir='ltr'>sunt,</span> <span class='ocrx_word' id='word_1_323' title='bbox 905 3968 986 4035; x_wconf 88' lang='lat' dir='ltr'>qnae</span> <span class='ocrx_word' id='word_1_324' title='bbox 1005 3947 1068 4013; x_wconf 90' lang='lat' dir='ltr'>alio</span> <span class='ocrx_word' id='word_1_325' title='bbox 1086 3951 1266 4025; x_wconf 85' lang='lat' dir='ltr'>trabuntur,</span> 
     </span>
     <span class='ocr_line' id='line_1_36' title="bbox 91 4048 1268 4137; baseline 0.001 -23"><span class='ocrx_word' id='word_1_326' title='bbox 91 4048 206 4114; x_wconf 84' lang='lat' dir='ltr'>eodem</span> <span class='ocrx_word' id='word_1_327' title='bbox 230 4049 343 4114; x_wconf 84' lang='lat' dir='ltr'>referri</span> <span class='ocrx_word' id='word_1_328' title='bbox 362 4050 490 4117; x_wconf 88' lang='lat' dir='ltr'>dobere.</span> <span class='ocrx_word' id='word_1_329' title='bbox 532 4053 580 4114; x_wconf 81' lang='lat' dir='ltr'>Ex</span> <span class='ocrx_word' id='word_1_330' title='bbox 601 4049 713 4115; x_wconf 91' lang='lat' dir='ltr'>barum</span> <span class='ocrx_word' id='word_1_331' title='bbox 739 4051 823 4116; x_wconf 88' lang='lat' dir='ltr'>enim</span> <span class='ocrx_word' id='word_1_332' title='bbox 848 4056 962 4117; x_wconf 88' lang='lat' dir='ltr'>artium</span> <span class='ocrx_word' id='word_1_333' title='bbox 984 4050 1130 4137; x_wconf 78' lang='lat' dir='ltr'>neglectu</span> <span class='ocrx_word' id='word_1_334' title='bbox 1150 4054 1268 4135; x_wconf 82' lang='lat' dir='ltr'>Reipu-</span> 
     </span>
     <span class='ocr_line' id='line_1_37' title="bbox 89 4149 1267 4244; baseline 0.004 -28"><span class='ocrx_word' id='word_1_335' title='bbox 89 4149 194 4242; x_wconf 87' lang='lat' dir='ltr'>blicae</span> <span class='ocrx_word' id='word_1_336' title='bbox 225 4151 386 4216; x_wconf 88' lang='lat' dir='ltr'>interitum</span> <span class='ocrx_word' id='word_1_337' title='bbox 411 4154 526 4238; x_wconf 86' lang='lat' dir='ltr'>repetit</span> <span class='ocrx_word' id='word_1_338' title='bbox 548 4151 757 4237; x_wconf 89' lang='lat' dir='ltr'>philosophus</span> <span class='ocrx_word' id='word_1_339' title='bbox 783 4163 814 4219; x_wconf 88' lang='lat' dir='ltr'>et</span> <span class='ocrx_word' id='word_1_340' title='bbox 834 4161 922 4239; x_wconf 85' lang='lat' dir='ltr'>patet</span> <span class='ocrx_word' id='word_1_341' title='bbox 943 4157 988 4222; x_wconf 87' lang='lat' dir='ltr'>ita</span> <span class='ocrx_word' id='word_1_342' title='bbox 1008 4163 1124 4244; x_wconf 88' lang='lat' dir='ltr'>quante</span> <span class='ocrx_word' id='word_1_343' title='bbox 1147 4154 1267 4241; x_wconf 81' lang='lat' dir='ltr'>Reipu-</span> 
     </span>
     <span class='ocr_line' id='line_1_38' title="bbox 89 4251 670 4340; baseline 0.005 -22"><span class='ocrx_word' id='word_1_344' title='bbox 89 4251 193 4320; x_wconf 88' lang='lat' dir='ltr'>blicae</span> <span class='ocrx_word' id='word_1_345' title='bbox 216 4253 352 4340; x_wconf 84' lang='lat' dir='ltr'>parssit</span> <span class='ocrx_word' id='word_1_346' title='bbox 372 4255 517 4339; x_wconf 87' lang='lat' dir='ltr'>inprimis</span> <span class='ocrx_word' id='word_1_347' title='bbox 541 4253 670 4322; x_wconf 82' lang='lat' dir='ltr'>musica.</span> 
     </span>
    </p>
   </div>
   <div class='ocr_carea' id='block_1_3' title="bbox 0 0 1652 5232">
    <p class='ocr_par' dir='ltr' id='par_1_3' title="bbox 0 0 1652 5232">
     <span class='ocr_line' id='line_1_39' title="bbox 0 0 1652 5232; baseline 0 1"><span class='ocrx_word' id='word_1_348' title='bbox 0 0 1652 5232; x_wconf 95' lang='lat' dir='ltr'> </span> 
     </span>
    </p>
   </div>
  </div>
 </body>
</html>
