3312 5238
911 375 1125 441 ...gg-
1258 355 1265 368 ’

424 533 607 612 claste‚''dc
629 535 795 602 custodum
816 532 972 600 electione
994 543 1027 600 ct
1048 533 1256 612 ednmtione.,
1284 537 1328 601 de
1349 534 1580 620 magistratibus,

425 650 533 707 noune
554 657 592 704 ea
613 646 786 722 prepterea
805 637 891 704 dicta
912 646 996 715 sunt,
1020 646 1056 703 ut
1076 641 1128 706 hic
1149 637 1406 720 ciuitatirordm
1429 661 1518 725 quem
1533 643 1581 706 hcc

424 747 533 830 mytho
568 741 772 828 significavit,
809 741 975 808 eveniret?
1022 746 1191 808 Praeterea
1218 745 1416 829 interpretes
1438 746 1583 808 adunun

352 855 355 871 '
424 865 537 912 omncs
565 848 601 912 in
625 863 665 914 ao
687 846 890 930 consentiunt
909 855 947 912 ut
967 848 1088 922 dicant,
1116 845 1280 914 Platonem
1301 846 1484 914 facultatum
1502 847 1583 912 animi

423 951 549 1022 rsucne
576 949 683 1018 habita
712 958 778 1016 tres
805 949 921 1016 civium
950 949 1067 1018 clauses
1095 951 1214 1015 civitati
1242 950 1347 1016 inesse
1375 949 1518 1020 voluisse.
1554 955 1584 1016 tt

422 1075 504 1120 vere
528 1056 562 1120 in
587 1056 774 1140 quaestione
787 1057 840 1120 -dc
861 1051 1064 1119 darmundus
1085 1052 1185 1120 animi
1208 1053 1321 1120 nditm
1346 1053 1452 1120 neruis
1477 1057 1514 1118 de
1534 1057 1584 1118 vir·

422 1156 544 1225 motus
570 1161 724 1244 quaestio.
770 1159 818 1224 of.
838 1158 893 1225 lin.
918 1160 973 1234 Vl,
996 1179 1031 1240 p.
1050 1158 1124 1233 aad,
1145 1155 1460 1244 t.sqq.ettih.1v‚
1483 1177 1514 1243 p.
1526 1158 1584 1232 ddd,

423 1265 463 1329 D.
484 1279 553 1350 sqq.
598 1265 661 1342 Qui
686 1265 797 1347 igitur.
811 1261 898 1328 credi
920 1269 1045 1346 potest,
1075 1273 1151 1326 'cum
1172 1262 1321 1328 artuum
1347 1259 1484 1331 voluisse
1505 1281 1584 1345 quae·

422 1385 516 1445 rere,
552 1370 606 1454 qui
633 1369 741 1434 omnia
767 1368 812 1432 sic
839 1367 999 1441 instituat,
1033 1369 1084 1430 ut·
1099 1367 1280 1434 trecenario
1311 1367 1510 1432 statuendum
1537 1366 1584 1440 sit,

423 1491 498 1540 eum
524 1471 590 1539 iam
615 1478 688 1538 ante
713 1472 872 1555 cognitam
901 1467 1051 1536 habuisse
1077 1470 1227 1535 virtutem
1251 1469 1379 1552 ipsam?
1424 1471 1586 1534 Tenendum

423 1577 520 1642 etiam
542 1593 621 1642 vere
640 1577 690 1640 his
711 1573 798 1642 finiri
818 1572 1064 1658 disputationem
1088 1575 1127 1638 dc
1149 1571 1249 1638 altera
1261 1572 1396 1640 civitmu
1417 1579 1507 1656 parte
1520 1591 1585 1656 quae

424 1681 511 1746 viros
536 1678 772 1763 compleantur,
800 1685 1008 1746 extentorum
1033 1679 1191 1744 bonorum
1217 1697 1256 1742 ae
1274 1676 1443 1743 mulierum
1471 1684 1501 1742 et
1524 1675 1586 1742 lile·

421 1803 535 1853 rarum
556 1792 611 1850 aut
632 1802 713 1859 non,
743 1785 960 1850 aut-nondum
986 1779 1169 1866 diligenter,
1196 1779 1304 1846 hahita
1323 1783 1474 1858 ratione,
1501 1800 1535 1846 ac
1555 1801 1586 1844 ne

420 1887 664 1974 magistratuum
687 1886 826 1972 quidem,
855 1888 916 1954 nisi
936 1892 1086 1972 qnantum
1103 1887 1145 1950 ud
1159 1884 1387 1954 absolvendam
1404 1884 1486 1952 hanc
1499 1881 1586 1970 operis

422 1998 565 2078 partem,
601 1988 781 2075 quccalias
807 1987 1148 2072 importumtatem,
1186 1991 1401 2056 necatarum
1425 1991 1585 2058 ridebatur.

423 2096 504 2160 Nam
525 2095 566 2158 ed
587 2094 816 2158 accuratiorem
836 2091 875 2160 de
895 2090 1129 2176 magistratibus
1144 2091 1400 2179 disputationem,
1425 2113 1506 2177 quac
1518 2090 1585 2155 libro

424 2198 547 2282 quinto,
571 2204 671 2272 sexto,
694 2197 830 2283 septimo
851 2198 1039 2273 continetur,
1060 2198 1223 2283 pertinere
1237 2198 1388 2270 videatur
1403 2199 1505 2262 verba
1520 2211 1587 2279 quac

421 2321 522 2386 supra
540 2302 733 2388 scripsimus.
775 2300 821 2367 Gt.
843 2321 874 2382 p.
898 2300 978 2378 tto,
1001 2305 1040 2378 B,
1064 2301 1098 2369 C.
1121 2302 1167 2365 st.
1218 2301 1325 2368 dhrim
1346 2306 1406 2386 μὲν
1426 2295 1491 2366 οὐκ
1512 2295 1588 2378 ἄξιαι

425 2405 705 2496 διισχυρίζεσθαι,
730 2389 758 2472 ὦ
779 2404 854 2495 φίλι
871 2399 1043 2472 Γλαύκων·
1055 2397 1086 2472 ,ὃ
1100 2407 1213 2490 μέντοι
1227 2399 1305 2494 ἄρτι
1319 2403 1481 2491 ἐλέγομεν,
1504 2397 1587 2482 ἄξιαι,

423 2501 475 2576 ὅτι
503 2511 556 2589 δεῖ
582 2503 704 2586 αὐτοὺς
733 2507 792 2588 τῆς
820 2503 932 2596 ὀρθῆς
960 2511 1067 2596 rugeio
1094 2508 1266 2587 παιδείας,
1298 2498 1371 2588 ἣτις
1390 2509 1482 2574 -srors'
1505 2505 1589 2571 ἐστιν,

425 2613 517 2692 Quae
535 2616 563 2680 si
586 2633 663 2680 vere
690 2614 904 2696 disputamus,
931 2611 1168 2681 accuratiordc
1190 2610 1450 2698 magistratuum,
1467 2606 1534 2696 uui
1551 2625 1589 2672 se-

423 2717 545 2804 quitur,
569 2719 757 2784 educatione
774 2737 879 2784 sermo
898 2736 958 2802 pro
980 2717 1123 2802 amendia
1143 2713 1308 2788 helenum
1322 2737 1387 2784 non
1409 2724 1471 2784 ert.
1516 2713 1589 2789 Quae

423 2828 595 2889 nouantur
613 2818 688 2888 inde
705 2823 745 2889 ab
764 2840 805 2886 eo
826 2819 898 2886 loco
922 2839 985 2906 quo
1010 2822 1069 2886 hos
1094 2822 1271 2906 terrigenas
1285 2829 1441 2898 mutatos,
1474 2819 1588 2888 ducibus

424 2921 670 3010 magistratibus„
694 2928 838 2990 Socrates
859 2925 892 2990 iu
911 2932 1018 2990 castra
1038 2923 1196 3008 producit,
1215 2947 1256 2992 aa
1268 2946 1318 2990 ue
1339 2920 1589 2992 Schleiermacle·

424 3049 481 3096 rus
507 3027 635 3114 quidem
660 3031 701 3097 ad
726 3027 885 3097 civitatem
905 3035 1026 3096 tautum
1048 3030 1216 3112 pertinere·
1225 3027 1386 3096 diffitetur.
1425 3029 1475 3096 of.
1492 3024 1589 3094 intrcd

421 3155 457 3219 p.
475 3136 552 3214 ⁴l'l.:
580 3134 674 3198 uVon
699 3133 804 3198 dieser
826 3132 897 3206 rein
925 3132 1088 3198 etlrischen
1114 3135 1337 3228 Abzwcckung
1364 3135 1424 3198 auf
1445 3135 1509 3200 den
1529 3127 1590 3196 Ein-

422 3237 539 3308 selaeu
563 3239 669 3305 macht
698 3235 822 3303 ircilich
854 3235 925 3302 eine
956 3239 1135 3302 Ausuehme
1162 3237 1214 3304 die
1243 3235 1443 3322 uulgesmllte
1469 3233 1591 3302 Lebens·
1629 3227 1630 3240 ’

424 3343 573 3426 ordnung
589 3339 716 3416 liirydie
740 3339 982 3424 durmingen
999 3342 1050 3406 die
1064 3359 1143 3426 ganz
1160 3361 1198 3407 zu
1220 3343 1299 3406 dem
1316 3339 1590 3425 eigeufltr’imliclteu

424 3447 482 3512 des
503 3443 720 3532 platonischen
742 3445 865 3513 Stratos
881 3442 1015 3530 gehon.
1068 3442 1158 3510 Eheu
1187 3443 1318 3512 neuun
1346 3447 1428 3512 mer
1453 3439 1592 3512 wirdsit

423 3553 509 3618 auch
533 3548 579 3615 als
598 3545 769 3632 *cigentliclr
790 3550 903 3614 hicher
924 3545 1010 3614 nicht
1037 3546 1172 3632 geborig
1197 3546 1267 3616 ltiar
1290 3565 1353 3616 nur
1379 3543 1591 3616 oherlltichliclt

422 3653 591 3739 augelegt,
621 3650 687 3720 uad
707 3653 747 3716 ist
768 3673 829 3720 nur
851 3673 908 3718 aus
933 3655 1006 3718 dem
1029 3669 1068 3718 au
1093 3655 1272 3728 veretehem
1299 3653 1496 3720 wusneiter
1509 3656 1591 3716 nutet

424 3753 620 3824 aneliihrlich
651 3753 791 3822 dariiber
822 3763 931 3842 gesagt
959 3757 1082 3824 vird.»
1129 3757 1192 3834 Qui
1219 3764 1325 3824 tumen
1350 3761 1410 3823 ista
1436 3756 1537 3840 magis
1559 3749 1590 3814 td

425 3861 585 3928 civitatem
612 3859 809 3943 pertineant,
849 3877 944 3944 quam
974 3862 1141 3926 custodum
1169 3881 1227 3947 per
1252 3859 1481 3946 gymnasticam
1506 3865 1591 3924 arten

427 3966 594 4041 educatio,
628 3967 668 4029 dc
695 3963 818 4030 medica
845 3971 911 4028 arte
939 3971 972 4028 et
993 3962 1150 4040 medicis,
1178 3967 1219 4031 dc
1239 3963 1424 4033 iudiciieet
1445 3963 1591 4030 iudicibus

424 4069 499 4134 duta
518 4075 701 4152 praccepta,
724 4069 965 4151 magistratuum
985 4065 1109 4144 electo,
1133 4069 1332 4134 etsiverum
1345 4067 1494 4135 volumus
1513 4056 1592 4131 lateri

424 4171 496 4256 ipsa
521 4173 687 4238 custodum
712 4171 824 4238 electio
839 4191 841 4196 ’
857 4179 889 4238 et
919 4169 1062 4238 educatio
1087 4169 1184 4238 etium
1210 4181 1276 4257 per
1302 4174 1457 4242 musicam
1489 4177 1591 4238 arten,

425 4285 522 4363 atque
548 4275 630 4344 adeo
655 4275 733 4342 haec
759 4279 861 4344 omnis
887 4275 1076 4360 disputatio,
1106 4277 1147 4342 ab
1174 4297 1214 4343 ec
1235 4275 1310 4344 inde
1328 4276 1401 4344 loca
1424 4295 1490 4361 quo
1509 4286 1592 4358 quae·
