3312 5238
544 407 757 478 ...85η

74 573 177 644 rendac
195 569 330 639 iustitiae
349 588 445 638 massa
463 570 614 640 aconem
633 589 664 636 sc
683 569 876 641 madenam
888 572 1121 655 decemimus
1136 573 1235 649 Plato,

74 696 122 740 nos
147 673 271 760 quidem
295 674 488 759 ignoramus.
531 677 614 746 Nam.
632 673 779 756 proiecto
802 677 921 742 eodem·
939 673 1100 760 iure-quo
1116 675 1235 763 priore,

72 784 137 844 brec
161 777 253 842 etiam
277 780 316 842 ad
340 777 490 844 iustitiam
513 779 546 841 e't
571 779 612 840 ad
642 775 783 862 singulos
810 777 892 842 trabi
921 786 1078 864 poterant.
1122 781 1235 851 enuc-

73 885 136 946 dum
154 885 282 946 seorsim
304 879 339 946 in
361 879 471 946 castris
494 878 659 956 habitatio,
684 879 786 946 victus
809 900 920 946 eorum
934 882 1080 967 parcitas,
1106 883 1235 948 divitiae

72 1007 167 1051 omues
188 992 339 1061 remotae,
366 992 397 1050 et
420 1004 502 1071 quae
527 990 600 1048 sunt
621 982 682 1049 alia
704 982 873 1069 eiusmodi,
903 1001 942 1050 ea
967 988 1007 1050 ad
1033 986 1234 1071 singulorum

70 1087 271 1157 fortitudinem
306 1096 338 1155 et
365 1089 628 1172 temperantiam·
645 1087 808 1170 pertinere
836 1107 945 1155 nonne
978 1091 1050 1174 quis
1079 1090 1236 1176 suspicari

70 1202 180 1278 posset,
211 1193 307 1257 etita
333 1193 479 1277 quidem,
512 1199 661 1276 tanquam
689 1189 728 1256 iis
753 1190 842 1256 Plato
862 1191 1005 1258 indicare
1031 1192 1183 1270 voluerit,
1215 1217 1235 1260 a

70 1294 190 1361 lontibus
209 1305 242 1360 et
262 1293 510 1382 temperantibus
528 1295 605 1360 viris
619 1295 726 1360 omnia
740 1291 884 1361 luxuriae
902 1295 1107 1362 invitamenta
1121 1298 1237 1381 procul

71 1402 189 1464 arcenda
219 1420 300 1464 esse.
346 1401 408 1464 Sed
444 1401 509 1462 ita-
523 1399 785 1484 interpretantem
818 1398 889 1484 quis
920 1400 1041 1465 ferreti
1073 1402 1176 1467 Porro
1205 1405 1232 1468 si

70 1501 201 1568 iustitiam
224 1508 357 1578 tantum,
380 1504 414 1565 in
436 1499 495 1566 bac
517 1501 605 1566 omni
629 1501 763 1566 civitatis
778 1497 1003 1588 descriptione,
1028 1501 1232 1592 singulosque

69 1603 124 1670 lere
143 1605 237 1683 solos,
266 1627 348 1690 quae
370 1612 420 1670 est
440 1605 720 1670 Schleiermacberi
737 1609 905 1683 sententia,
928 1605 1120 1694 respiciebat
1133 1606 1232 1687 Plato,

70 1711 131 1793 quid
159 1709 201 1773 ita
231 1729 314 1793 opus
342 1707 403 1775 fuit
430 1707 568 1794 fingere,
603 1729 638 1772 se
670 1708 829 1774 civitatem
861 1709 950 1797 velle
963 1719 1150 1778 exstruere?
1192 1717 1234 1778 Et

69 1813 135 1876 scire
157 1835 231 1878 sane
256 1811 373 1890 velim,
410 1813 488 1898 quid
518 1810 587 1889 bis,
620 1829 701 1896 qnae
730 1815 769 1876 de
796 1815 880 1879 vitae
909 1814 1031 1880 ratione
1062 1820 1231 1882 custodum

70 1917 207 1992 dicuntur,
231 1919 415 1984 addendum
442 1919 499 1992 sit,
525 1915 697 2000 inquibus
722 1915 856 1982 lectores
881 1918 936 2004 qui
964 1921 1128 2003 sequentia
1149 1941 1230 1986 non-

69 2021 128 2084 dun
151 2019 298 2106 legerunt
319 2041 359 2087 ue
384 2017 540 2086 tantulum
562 2020 692 2104 quidem
714 2022 908 2099 desiderant,
938 2043 1035 2108 quum
1050 2025 1113 2087 sint
1125 2021 1231 2090 facilia

68 2120 208 2190 intellectu
232 2132 266 2191 et
290 2124 518 2191 multominus
540 2121 727 2190 offensionis
742 2121 891 2202 babeant,
919 2147 1015 2211 quam
1030 2147 1112 2212 quae
1129 2127 1231 2194 serius

68 2230 160 2293 eadem
187 2232 228 2294 de
262 2249 298 2293 re
328 2230 491 2305 dicentur,
530 2235 587 2294 ant
603 2231 689 2294 unde
710 2236 882 2316 appareat,
917 2233 997 2296 baec
1016 2233 1146 2318 proprie
1167 2235 1231 2298 huc

67 2350 117 2396 nou
137 2335 320 2418 pertineret
353 2336 433 2397 Nam
454 2329 547 2398 nobis
573 2333 774 2406 econtrario
781 2373 791 2410 ,
821 2353 902 2418 quae
923 2331 973 2398 bic
999 2337 1038 2398 de
1062 2339 1231 2402 custodum

67 2433 134 2499 vitae
157 2437 280 2504 ratione
302 2439 462 2514 dicuntur,
485 2437 614 2523 proprie
631 2439 694 2501 buc
706 2438 855 2502 videntur
868 2441 1031 2520 pertinere
1051 2445 1084 2504 et
1105 2439 1228 2504 absolvi

67 2535 100 2601 ita
117 2539 246 2606 civitatis
264 2539 445 2626 descriptio.
479 2539 523 2606 ef.
537 2539 592 2605 lib.
608 2542 662 2607 IV.
679 2561 711 2626 p.
729 2542 803 2604 tus.
819 2544 860 2604 D.
882 2543 926 2605 St.
971 2543 1051 2606 Nam
1075 2543 1228 2608 iustitiam

67 2645 186 2708 nondum
211 2647 320 2728 coepit
341 2663 506 2732 quaerere,
531 2645 587 2707 sed
609 2641 712 2708 adbuc
732 2646 765 2707 iu
790 2643 953 2730 republica
974 2651 1059 2710 totus
1086 2652 1143 2722 est.
1187 2648 1228 2710 Et

67 2765 131 2826 (prae
154 2747 236 2814 inira
259 2751 299 2812 de
325 2747 452 2818 civitate
477 2745 570 2832 plura
589 2748 765 2842 traduntur,
779 2769 826 2826 *ea
846 2748 899 2812 bic
913 2750 1058 2813 addenda
1078 2745 1224 2814 fuissent.

67 2847 143 2924 Quod
162 2853 229 2938 ipse
251 2851 341 2917 Plato
360 2852 511 2916 indicavit
531 2852 581 2916 his
599 2850 724 2916 verbis:
748 2853 867 2936 Aiyew
889 2847 939 2932 δὴ,
962 2850 1045 2943 ἔφην
1067 2849 1140 2938 ἐγὼ,
1161 2848 1226 2943 χρὴ

66 2945 209 3022 ἀνάπαλιν
231 2941 277 3022 αὗ
299 2954 366 3035 νῦν,
389 2949 412 3020 ἃ
433 2948 507 3019 τότε
530 2954 608 3032 ἴσως
630 2953 693 3020 ἔδει
715 2954 830 3042 ἐφεξῆς
852 2957 963 3041 λέγειν.
998 2954 1046 3020 cf.
1061 2956 1118 3022 lib.
1134 2961 1173 3025 V.
1189 2980 1223 3046 p.

65 3054 124 3120 iil.
138 3061 172 3124 B.
190 3063 241 3130 ed.
257 3062 363 3145 Steph.
397 3061 470 3124 Hoc
483 3065 588 3123 autem
600 3058 672 3124 loco
687 3060 803 3123 omissa
817 3067 901 3135 sunt,
926 3057 1012 3144 quia,
1029 3062 1056 3123 si
1072 3061 1226 3147 explicata

66 3170 169 3239 essent,
205 3183 273 3229 nou
303 3161 396 3227 facile
426 3164 607 3229 conservari
634 3168 761 3248 poterat
782 3161 861 3227 falsa
890 3161 1026 3248 species,
1064 3167 1223 3252 quamde

65 3266 152 3347 operis
172 3265 239 3333 fine*
263 3263 351 3332 Plato
377 3263 588 3343 excitaverat,
626 3266 776 3352 quoniam
798 3268 1017 3351 quaestionem
1042 3269 1081 3332 de
1105 3268 1225 3335 iustitia

64 3384 80 3426 a
101 3365 247 3436 lectorum
271 3369 385 3435 animis
414 3369 578 3455 oculisque
601 3372 646 3435 ita
667 3371 736 3436 lere
765 3389 952 3436 evanescere
975 3390 1106 3436 neeesse
1129 3381 1221 3438 esset.

64 3467 120 3534 llnc
142 3475 333 3549 secedebat,
368 3477 455 3559 quod
479 3474 697 3559 quaestionem
724 3476 764 3538 de
785 3473 906 3538 iustitia
925 3475 1048 3545 turbari
1073 3474 1222 3553 videbat,

64 3573 84 3634 si
109 3577 181 3642 baec
213 3579 329 3653 etiam,
371 3597 453 3662 quae
481 3576 521 3642 ad
549 3577 767 3662 explicandam
797 3577 936 3652 iustitiae
967 3580 1132 3644 notionem
1157 3599 1222 3644 non

63 3679 258 3757 pertinebant,
281 3679 395 3745 tradita
414 3688 527 3745 essent.
572 3682 685 3746 Omnia
707 3683 790 3746 enim
809 3701 890 3767 quae
914 3683 1017 3746 adbuc
1038 3683 1221 3758 dictasunt,

64 3777 142 3846 etiam
162 3787 202 3848 ad
222 3783 438 3849 illustrandam
452 3783 599 3849 iustitiae
624 3785 785 3850 notionem
806 3785 951 3850 adbiberi
974 3792 1061 3854 recte
1078 3794 1220 3872 possunt.

62 3881 124 3948 Nam
146 3908 210 3952 non
240 3894 287 3952 est
313 3887 376 3952 ulla
402 3889 498 3952 animi
519 3886 669 3963 facultas,
703 3887 753 3954 cui
775 3909 839 3954 non
864 3887 968 3975 aliqua
988 3909 1064 3975 pars
1086 3888 1220 3956 civitatis

61 3993 243 4072 respondeat,
266 3993 417 4077 ipsaeque
438 3997 545 4077 partes
567 3993 700 4057 civitatis
722 3993 766 4056 ita
784 3994 987 4069 ordinantur,
1018 3998 1222 4077 quemadmo-

61 4086 123 4154 dum
146 4093 242 4159 animi
266 4095 428 4160 facultates
451 4098 645 4161 ordinandae
667 4104 753 4176 sunt,
784 4097 811 4160 si
841 4095 957 4163 iustum
981 4099 1124 4163 habitum
1154 4097 1221 4162 elfi-

61 4208 122 4258 cere
150 4197 239 4266 velis.
281 4201 384 4282 Atque
408 4203 473 4264 hac·
490 4220 582 4265 causa
604 4199 764 4266 Platonem
795 4207 990 4266 commotum
1017 4201 1115 4266 fuisse
1139 4203 1221 4266 iudi·

60 4311 163 4378 camus,
181 4304 295 4368 utiam
310 4301 456 4370 hocloco
471 4301 696 4372 describendae
711 4304 845 4380 civitatis
855 4301 950 4370 finem
965 4303 1217 4370 essesimuleret.
