3296 5232
569 435 611 448 -
655 401 801 464 323-

91 569 164 654 τρίς
191 558 366 646 αὐξηθείς.
409 556 459 626 Ob
485 554 618 624 eandem
646 575 774 622 eausam
795 555 828 621 in
850 556 978 620 Timaeo
1001 575 1033 640 p.·
1057 558 1115 630 35,
1138 557 1175 618 B.
1199 554 1277 640 μίαν

91 663 208 759 ἀφεῖλε
229 662 268 734 τὸ
290 665 420 750 πρῶτον
441 656 518 728 άπὸ.
539 655 664 737 παντὸς
685 661 821 744 μοῖραν,
843 655 929 744 μετά
951 660 986 724 δὲ
1012 653 1134 739 ταύτην
1156 652 1277 749 ἀφῄρει

91 769 272 838 διπλασίαν
295 761 433 848 ταύτης,
461 759 523 848 τὴν
551 759 583 830 δ
621 760 663 828 σύ
693 762 805 852 τρίτην
831 757 988 846 ἡμιολίαν
1008 767 1068 847 μὲν
1091 762 1151 845 τῆς
1172 762 1278 826 δευτέ-

91 899 166 963 ρας,
198 871 398 962 τριπλασίαν
429 870 466 935 δὲ
500 867 559 951 τῆς
590 859 736 956 πρώτης,
771 859 943 950 τετάρτην
963 865 999 929 δέ
1031 864 1092 947 τῆς
1125 865 1279 951 δευτέρας

91 975 227 1056 διπλίν,
249 977 396 1060 πέμπτην
418 973 454 1037 δὲ
476 968 614 1056 τριπλῆν
636 968 695 1062 τῆς
716 966 843 1056 τρίτης,
866 963 926 1047 τὴν
947 961 978 1031 δ
996 967 1090 1047 ἕκτην
1113 966 1171 1046 τῆς
1191 961 1278 1054 πρώ-

92 1104 153 1160 της
167 1074 411 1155 ὀκταπλασίαν,
433 1068 576 1158 ἑβδόμην
597 1073 633 1138 δέ
655 1069 1045 1152 έπτακαιεικοσιπλασίαν
1066 1070 1124 1150 τῆς
1139 1063 1278 1155 πρώτης.

92 1180 214 1264 duplex
235 1182 335 1246 cubus
362 1179 534 1262 reperitur.
579 1177 658 1238 Nam
685 1176 745 1238 hae
772 1181 877 1258 paries
904 1170 1013 1237 eubiee
1034 1169 1197 1236 ordinatae
1219 1175 1276 1236 hos

92 1303 244 1350 numeros
274 1279 431 1346 efficiunt:
463 1283 500 1357 2;
529 1281 560 1344 2.
582 1281 620 1356 2;
645 1279 676 1340 2.
701 1281 731 1342 2.
755 1281 785 1342 2.
814 1311 855 1322 -
884 1277 918 1350 3;
942 1278 974 1339 3.
999 1277 1040 1351 35
1061 1279 1093 1338 3.
1118 1278 1149 1338 3.
1173 1279 1205 1338 3.
1236 1309 1277 1324 -
1317 1333 1321 1353 ,

92 1388 153 1451 Ηίε
184 1384 264 1450 adde
292 1387 320 1448 1.
349 1386 397 1448 Ad
430 1402 525 1466 quem
554 1380 660 1445 locum
692 1382 815 1444 Biickh:
848 1377 907 1442 Ein
936 1399 971 1443 so
1002 1398 1128 1462 grossee
1156 1379 1278 1465 System

94 1509 164 1554 war
183 1485 237 1552 bei
259 1491 321 1552 den
344 1485 500 1550 Griechen
522 1483 556 1548 in
577 1483 692 1547 keiner
715 1483 782 1546 Zeit
803 1480 1042 1565 gebrauchlieh,
1073 1483 1211 1546 sondern
1239 1481 1279 1544 ist

92 1591 167 1656 eine
189 1589 294 1656 blosse
316 1587 533 1674 speculation‚
565 1583 629 1650 und
659 1584 743 1649 ohne
774 1583 902 1649 Zweiiei
932 1587 972 1649 ist
994 1605 1066 1649 men
1088 1583 1138 1648 bis
1157 1606 1201 1659 ,zu
1220 1583 1278 1648 der

93 1696 213 1760 dritten
234 1695 350 1757 Potenz
372 1689 429 1756 der
451 1699 559 1755 ersten
581 1691 701 1771 graden
722 1689 788 1751 und
811 1691 975 1770 ungi-aden
1002 1686 1076 1751 Zahi
1097 1689 1278 1772 fortgegan-

94 1816 175 1881 gen,
198 1794 270 1862 weil
293 1795 344 1858 die
365 1793 456 1858 Seeie
474 1790 509 1879 ja
530 1787 682 1856 ebenfells
711 1788 759 1854 bis
786 1792 819 1854 in
850 1790 902 1854 die
930 1795 1055 1876 Kdrper
1084 1792 1275 1874 verde-ingen

92 1919 190 1964 muss.
219 1906 258 1962 et.
281 1896 328 1961 cf.
351 1895 483 1962 Studien
510 1917 542 1959 v.
573 1895 664 1956 Βοιὼ
693 1892 758 1957 und
791 1894 929 1958 Creuzer
957 1897 991 1956 T.
1022 1896 1077 1962 ΠΙ.
1099 1915 1130 1980 p.
1156 1897 1207 1964 76.
1232 1893 1277 1961 cf.

94 2021 195 2085 porro
215 2001 320 2084 legum
348 1999 466 2064 librum
495 1997 653 2062 decimum
675 2017 707 2082 p.
732 1997 810 2070 8911,
841 1998 884 2062 St.
914 1995 1059 2080 γίγνεται
1086 1994 1125 2077 δὴ
1148 1991 1279 2062 πάντων

93 2107 235 2189 γένεσις,
256 2098 335 2188 ἡνίκ’
361 2098 402 2168 dv
424 2101 454 2166 τί
476 2094 594 2176 πάθος
616 2086 655 2192 ᾖς
677 2099 778 2179 δῆλον
800 2093 843 2176 ὡς
865 2093 991 2165 ὁπόταν
1020 2094 1103 2188 ἀρχὴ
1126 2101 1278 2183 λαβοῦσα

95 2203 198 2286 αὔξην
219 2201 264 2283 εἰς
280 2201 338 2286 την
359 2206 516 2294 δευτέραν
537 2202 625 2296 ἔλθη
647 2196 835 2288 μετάβασιν
857 2207 913 2268 καί
935 2197 1002 2268 άπὸ
1017 2199 1139 2284 ταύτης
1153 2199 1199 2280 είς
1220 2200 1280 2284 τὴν

96 2307 250 2387 πλησίον,
273 2310 443 2396 καὶμέχρι
465 2306 564 2393 τριῶν
586 2305 740 2371 ἐλθοῦσα
763 2306 928 2385 αἴσθησιν
950 2306 1011 2398 σχῇ
1026 2310 1095 2382 τοῖς
1110 2307 1280 2372 αἰσθανο-

97 2412 231 2495 μένοις..
264 2410 321 2476 Ηίε
342 2412 476 2474 addatur
489 2408 674 2474 Aristoieles
689 2411 729 2472 de
746 2409 841 2472 anim.
867 2410 897 2481 Ι,
920 2411 952 2483 2,
974 2427 1005 2493 p.
1024 2405 1140 2482 doeh.
1159 2403 1280 2493 ὁμοίως

94 2514 131 2578 δὲ
153 2519 208 2579 καί
230 2515 263 2578 έν
285 2516 448 2600 τοῖςπερὶ
470 2512 678 2604 φιλοσοφίας
699 2512 889 2596 λεγομένοις
911 2512 1095 2596 διωρίσθη,
1117 2506 1199 2576 αὐτὸ
1219 2518 1280 2597 μὲν

95 2612 135 2681 τὸ
157 2615 240 2695 ζῶον
261 2613 294 2693 ἐξ
322 2608 425 2693 αὐτῆς
453 2613 512 2695 τῆς
540 2615 600 2680 τοῦ
629 2610 701 2691 ἑνὸς
729 2609 821 2690 ἰδέας
842 2618 899 2679 καί
921 2615 981 2679 τοῦ
1002 2609 1134 2700 πρώτου
1155 2609 1282 2701 μήκους

96 2722 154 2783 καί
175 2710 324 2793 πλάτους
344 2721 400 2782 καί
421 2710 569 2801 βάθους.
613 2719 730 2788 Πίσαο
753 2718 859 2782 locum
876 2716 959 2802 cepit
974 2716 1165 2784 Aristoteles.
1201 2721 1281 2782 Nam

93 2818 202 2886 verbis
224 2822 345 2905 λέγων,
370 2809 450 2885 ὅταν
473 2814 491 2884 ὁ
516 2820 575 2885 τοῦ
597 2814 852 2906 διαγράμματος
873 2815 1026 2908 ἀριθμὸς
1050 2815 1171 2886 τούτου
1189 2823 1281 2906 γένη-

97 2947 156 2989 ται
178 2919 324 3011 στερεὸς,
346 2943 427 3006 quee
449 2919 556 2987 verbis
578 2927 648 3012 τρίς
670 2917 832 3002 αὐξηθείς
853 2921 1066 3008 respondent,
1095 2927 1174 2988 haee
1196 2922 1283 2990 addit

97 3025 315 3111 explicationis
337 3047 450 3091 eausa:
483 3020 528 3102 ὡς
549 3025 607 3106 τῆς
629 3019 759 3115 φύσεώς
780 3047 858 3125 ποτε
881 3020 1032 3114 φυούσης
1053 3021 1205 3117 φαύλους
1226 3032 1281 3091 καὶ

95 3129 262 3215 κρείττους
294 3129 352 3208 τῆς
381 3128 544 3204 παιδείας.
577 3129 676 3195 τοῦτο
708 3135 769 3216 μὲν
797 3125 856 3194 σύν
889 3123 971 3194 αὐτὸ
1004 3130 1106 3214 λέγων
1135 3130 1213 3205 ἴσως
1241 3125 1280 3194 ού

97 3232 210 3309 κακῶς·
240 3232 401 3318 ἐνδέχεται
431 3227 496 3321 γάρ
526 3221 609 3296 εἷναί
631 3255 740 3314 τινας,
770 3224 828 3308 οίίς
859 3231 1086 3312 παιδευθῆναι
1112 3236 1169 3296 καί
1196 3231 1281 3316 γενέ-

97 3337 185 3400 σθαι
214 3333 417 3410 σπουδαίους
445 3329 571 3422 ἄνδρας
599 3329 774 3400 ἀδύνατον.
818 3333 876 3399 Hie
897 3334 964 3399 exit
990 3334 1113 3400 numeri
1136 3357 1175 3400 ea
1206 3351 1282 3418 pare

96 3457 178 3520 quae
199 3455 309 3502 causes
329 3434 474 3500 interitus
497 3436 659 3502 civitatum
674 3440 830 3512 continet,
854 3441 939 3524 quod
956 3446 1065 3524 aperte
1080 3441 1174 3503 docet
1191 3441 1280 3502 loeus

100 3536 289 3607 Aristotelis.

182 3644 258 3704 Eum
289 3660 371 3726 quae
402 3643 546 3725 sequitur
571 3645 696 3708 numeri
723 3652 845 3726 partun
874 3645 1038 3709 continere
1065 3642 1280 3708 definitionem

96 3743 251 3825 temporis
271 3742 449 3811 Aristotelis
469 3741 567 3810 verbe
589 3745 741 3829 probant:
767 3747 837 3812 Καὶ
859 3734 971 3814 διάτε
994 3746 1054 3812 τοῦ
1079 3741 1220 3835 χρόνον,
1249 3742 1284 3812 δί

96 3839 136 3911 dv
161 3847 248 3930 λέγει
273 3843 384 3913 πάντα
416 3842 650 3933 μεταβάλλειν,
681 3873 710 3916 κ.
740 3872 768 3914 τ.
797 3850 820 3915 i.
870 3855 918 3914 De
948 3849 1176 3914 voeabuiomm
1211 3850 1284 3925 ἴσος

95 3940 207 4025 ἰσάκις
235 3944 467 4036 είπρομήκης
495 3949 579 4033 apud
611 3950 847 4018 mathematicos
881 3950 1111 4036 significatione
1143 3951 1182 4016 ef.
1205 3952 1281 4016 Plat.

95 4049 223 4120 Theaee
244 4072 277 4133 p.
302 4054 381 4128 147,
404 4057 442 4118 E.
468 4074 550 4139 sqq„
572 4054 683 4120 Theoi.
709 4057 731 4118 l.
757 4053 778 4118 Ι.
815 4054 935 4118 Iliade
959 4057 1128 4140 quadrato,
1160 4058 1219 4118 hoe
1242 4056 1282 4117 de

96 4150 234 4237 oblongo
256 4173 392 4220 numero
412 4164 593 4240 usurpetur.
637 4158 727 4234 Quae
749 4158 791 4220 sit
812 4161 926 4221 horum
946 4158 1177 4225 vocabulorum
1200 4158 1283 4242 apud

97 4257 334 4341 Pythagoreeos
357 4257 544 4342 significatio
565 4258 682 4326 docent
696 4259 806 4326 Theoi.
824 4259 843 4324 l.
861 4259 881 4324 Ι.
907 4261 958 4326 Ei'
972 4285 1023 4340 τις
1047 4263 1156 4328 τοίνυν
1177 4255 1283 4348 ἀριθ-
