3312 5238
895 405 1127 470 -116-

424 555 504 650 ἔφη.
527 576 560 645 p.
584 557 659 636 tet,
682 562 719 626 B.
763 557 848 626 Nihil
870 564 903 628 in
924 562 975 628 his
996 563 1070 631 addi
1090 561 1181 630 vides
1197 560 1237 630 ad
1257 564 1481 650 temperantiae
1494 564 1580 631 nntie·

424 682 498 728 nem
520 669 612 728 antea
633 663 829 746 explicatam,
853 668 909 731 sed
931 667 964 732 in
986 667 1141 733 auxilium
1162 671 1242 734 adeo
1263 674 1417 734 vocantur
1435 689 1488 734 eae
1501 667 1580 734 anini

424 774 543 850 partes,
568 763 683 853 quibus
704 766 843 854 sapimus
864 769 1056 854 cupimusve,
1078 779 1114 837 ut
1135 769 1256 856 liquido
1277 779 1430 888 appareat
1449 770 1580 855 explieani

423 887 494 936 rem
515 890 580 936 non
600 891 714 970 pesse,
738 871 799 938 nisi
822 871 862 939 ad
883 873 1095 952 animum,h
1118 897 1149 940 e.
1174 872 1214 940 ad
1236 872 1392 959 originem
1413 894 1514 950 suam,
1541 893 1582 940 re-

420 980 567 1048 vocetur.
616 975 753 1057 Καλη
707 972 774 1063 μύην
796 977 882 1068 εἴιτερ
907 963 949 1044 σύ
972 979 1006 1046 ἓν
1028 974 1111 1072 ἄλλη
1131 971 1265 1046 πόλει
1246 1003 1267 1058 η
1290 972 1374 1058 αὐτὴ
1396 973 1512 1058 δόξα”
1496 1001 1581 1046 ενεοτι

424 1081 495 1155 τοῖς
522 1102 557 1146 τε
584 1073 725 1201 ἄρχουσι
752 1085 808 1147 καὶ
835 1075 1030 1170 ἀρχομένοις
1051 1081 1205 1167 περὶτοῦ
1227 1071 1383 1158 οὕστινας
1404 1077 1494 1148 δεῖ’
1472 1105 1580 1171 αρχον,

423 1185 481 1252 και
507 1182 541 1248 ἐν
565 1176 673 1276 ταύτη
693 1179 733 1250 ἃν
755 1184 803 1265 εἴη
825 1184 924 1250 τούτο
946 1178 1028 1251 ἐνόν.
1055 1180 1077 1266 ἢ
1099 1178 1137 1252 ού
1161 1186 1265 1266 ὁοιιεῐ,Ι
1299 1186 1370 1250 Καὶ
1391 1179 1534 1271 μάλα,”
1518 1209 1581 1306 εφη,

419 1279 573 1376 σφόδρα.
612 1280 669 1354 Ἐν
695 1289 847 1377 ποτέροις
877 1273 936 1354 οὖν
961 1311 1085 1412 φησεις
1105 1288 1169 1354 τῶν
1196 1286 1339 1354 πολιτῶν
1360 1283 1399 1353 τὸ
1421 1291 1583 1380 σωφρονεῖν

423 1379 601 1470 λνεῖναι,“’
582 1412 663 1455 οταν
686 1379 789 1468 οὕτως
811 1390 944 1478 ἔχωσιν,
972 1392 1005 1457 ἐν
1027 1395 1097 1469 τοῖς
1119 1387 1293 1491 ἄρχουσιν,
1316 1386 1337 1471 ἢ
1359 1391 1393 1456 ἐν
1414 1395 1484 1468 τοῖς
1499 1386 1583 1510 ἀρημ-

421 1493 549 1578 μένοις
589 1487 693 1560 ''Ev
673 1496 877 1586 αμφοτέρονς
898 1517 974 1571 που,
997 1492 1071 1587 ἔφη.
1113 1488 1220 1584 Ορᾷς
1243 1491 1311 1575 οὐν,
1333 1479 1469 1575 ἦνύ”
1454 1489 1524 1580 εγὼ,
1543 1484 1583 1558 ὅτι

423 1594 570 1672 ἐπιεικῶς
603 1591 913 1684 ἐμαντευόμεθα”
889 1621 1008 1718 αρτι,
1022 1591 1065 1675 ὡς
1094 1591 1238 1716 ἁρμονία
1264 1591 1371 1665 τινὶε
1353 1623 1374 1678 η
1404 1591 1582 1688 σωφροσύνη

425 1691 603 1785 ὁμοὶωταιη
638 1700 678 1766 Τι’
700 1693 757 1783 δή,
782 1691 865 1768 ’(λτι
894 1696 954 1788 οὐχ
983 1690 1089 1785 ύύσπερ
1117 1695 1137 1782 ἡ
1160 1695 1301 1801 ἀνδρεία
1323 1704 1379 1766 καὶ
1400 1695 1422 1781 ἡ
1445 1699 1571 1818 σοφία
1559 1700 1583 1766 ἐν

422 1802 515 1892 μέρει
535 1806 600 1870 τινὶ
621 1803 759 1893 ἑκατέρα
781 1804 900 1876 ἐνοῦσα
922 1799 942 1885 ἡ
964 1810 1024 1891 μὲν
1046 1798 1266 1896 σοφὴν,ηὴὲὸ
1252 1799 1443 1893 ὲᾶνδρεύαν
1464 1798 1519 1884 τὴν
1537 1796 1583 1868 πό·

424 1907 478 1971 λιν
503 1930 691 1993 παρειχετο,
725 1902 786 1996 οὐχ
814 1898 901 1974 ούτω
930 1911 1022 1974 ποιεῖ
1043 1899 1144 1989 αύτη,
1169 1902 1264 1974 ἀλλὰ
1295 1902 1335 1975 δι’
1366 1898 1486 1989 ὅλης’
1467 1905 1584 1994 ατεχνῶς

423 2007 575 2087 τέταται,
603 2005 660 2077 διὰ
688 2009 804 2079 παοῶν
831 2014 1035 2101 παρεχομένη
1064 2005 1266 2102 ξυνᾴδοντας
1295 2007 1373 2089 τούς
1401 2035 1436 2078 τε
1465 2003 1584 2076 ἀσθενε-

424 2107 568 2191 στάτους
589 2108 711 2182 ταύτὸν
733 2118 790 2180 καλ
812 2110 889 2192 τούς
910 2108 1148 2206 ἰσχυροτάτους
1170 2119 1226 2180 καὶ
1248 2110 1325 2193 τούς
1343 2117 1476 2201 μέσους,
1497 2108 1525 2182 εἰ
1539 2118 1584 2199 pie

423 2211 547 2300 βούλει,
551 2211 740 2339 φρονήσει,
762 2212 830 2284 eie
833 2211 1032 2304 ὲβούλει,’
1016 2212 1119 2306 ισχύῐ,
1141 2242 1169 2284 τι
1163 2213 1238 2300 ’,δὲ
1260 2223 1316 2286 καὶ
1336 2211 1506 2300 πληθοι’
1486 2244 1505 2298 η
1522 2209 1584 2304 χρή·

347 2406 350 2412 Δ
422 2343 525 2408 μασιν
547 2318 567 2402 λη
561 2315 719 2412 ύέλληιί
703 2321 829 2441 φτῳούν
850 2322 914 2396 τῶν
935 2315 1103 2388 τοιούτων
1126 2311 1209 2388 ὥστε
1232 2315 1435 2444 ὀρθότατΗ
1420 2317 1463 2388 α“ν
1482 2323 1584 2450 φαῖμεν

424 2417 549 2506 ταύτην
571 2420 631 2545 τὴν
652 2418 812 2513 ὁμόνοιαν
836 2419 1055 2518 σωφροσύνην
1084 2415 1186 2503 εἶναι,
1212 2420 1360 2517 χείρονός
1380 2449 1416 2492 τε
1438 2429 1492 2493 καὶ
1512 2418 1584 2511 ἆμελ

421 2551 525 2606 νονος
540 2524 627 2596 κατὰ
648 2523 751 2619 φύσιν
772 2524 1011 2622 ξυμφωνίαν,’
996 2520 1155 2620 οπύτερον
1177 2525 1270 2595 δεῖ”
1247 2551 1369 2618 αρχειν,
1389 2533 1447 2596 καὶ
1466 2529 1498 2596 ἐν
1510 2521 1584 2594 πόλει

327 2765 334 2784 ·
424 2736 586 2818 perantiae
607 2703 769 2803 notione‘m
792 2755 885 2824 quam
907 2735 968 2804 hoe
989 2735 1061 2802 loeo
1082 2738 1247 2814 habemus,
1270 2735 1362 2823 piane
1385 2741 1515 2804 eandem
1531 2753 1583 2800 enee

423 2856 499 2904 eum
523 2859 561 2904 ea
582 2859 676 2926 quam
696 2839 787 2908 initio
805 2841 1023 2928 proposuerit,
1048 2841 1192 2916 Socrates
1207 2842 1276 2926 ipse
1290 2840 1392 2906 innuit
1403 2877 1447 2891 —
1462 2837 1583 2912 ἐπιεικῶς

426 2937 680 3028 ἐμαντευόμεθα
703 2939 795 3035 ἄρα,
817 2981 859 2993 -
881 2964 939 3010 nec
960 2942 1068 3010 diiiert
1088 2946 1128 3010 ab
1150 2942 1205 3012 illa
1225 2943 1286 3012 nisi
1308 2965 1363 3022 ee,
1394 2949 1497 3032 quod,
1522 2959 1583 3029 quat

423 3043 466 3112 de
489 3044 592 3112 anime
615 3045 747 3133 eiusque
768 3046 910 3135 partibus
932 3045 977 3112 ibi
998 3044 1079 3114 dieta
1102 3055 1203 3123 erant,
1228 3048 1268 3115 ad
1289 3050 1448 3115 civitatem
1471 3048 1581 3131 eiusque

427 3157 533 3236 partes
557 3149 797 3218 transferuntur.
844 3152 991 3219 Ceterum
1019 3159 1107 3218 recte
1127 3155 1376 3239 reprehenderet
1398 3152 1584 3220 Schieierna·

426 3257 539 3320 cherua
560 3259 642 3323 hane
664 3253 895 3334 definitionem,
930 3253 1138 3338 (eieintrod.
1168 3276 1201 3344 p.
1230 3259 1283 3324 28.-
1314 3260 1389 3338 29.)
1419 3259 1447 3324 si
1475 3277 1532 3322 nen
1556 3271 1584 3318 ex

427 3356 546 3435 animo,
570 3357 627 3426 sed
649 3381 690 3427 ex
711 3357 875 3444 republica
897 3357 1029 3445 eiusque
1050 3359 1204 3445 partibus,
1226 3359 1292 3430 nt
1282 3379 1350 3449 ipse
1372 3360 1528 3506 epinatun,
1547 3377 1584 3424 re

425 3461 525 3548 petita
547 3470 642 3537 esset

871 3695 1057 3764 ΒΕΟΉΟ
1089 3697 1164 3763 V1·

514 3895 581 3976 nis,
604 3903 639 3965 ut
653 3894 801 3974 diximus,
824 3895 996 3984 explicatis,
1019 3895 1147 3965 tandem
1162 3900 1202 3963 ad
1216 3895 1436 3965 inveniendam
1455 3895 1583 3964 iustitiam

431 4019 466 4071 se
488 4001 639 4087 accingit.
671 3985 812 4082 Εἶεν,
792 4024 833 4081 ην
860 3995 939 4067 δ”
923 4020 1001 4087 εγω·
1033 3997 1076 4068 τύι
1102 4007 1163 4088 μὲν
1189 4002 1266 4092 τρία
1294 3997 1372 4089 ἡμῖν
1400 4001 1492 4069 ἐν
1454 4026 1491 4095 τη
1510 3992 1548 4066 et
1549 3999 1583 4061 λει

431 4107 612 4230 κατῶπται,
634 4095 677 4182 tie
697 4127 733 4191 με
755 4098 875 4171 ούτωσλ
898 4099 1004 4186 δόξαν·
1023 4101 1067 4172 τὸ
1090 4107 1125 4170 δὲ
1148 4100 1188 4186 δὴ
1210 4101 1327 4172 λοιπὸν
1344 4095 1439 4186 εἶδος,
1461 4095 1531 4170 ‹tt‘
1521 4125 1537 4166 ο
1555 4117 1584 4162 αν

428 4212 494 4281 ἔτι
502 4203 621 4303 σἰρετύης
641 4211 771 4296 μετέχοι
790 4201 902 4288 πόλις,
923 4208 955 4276 τί
976 4231 1041 4276 ποτ
1071 4201 1112 4276 ύῖν
1134 4208 1200 4289 εἴην
1228 4205 1386 4290 ὁηλον
1348 4235 1422 4297 γαρ,
1446 4197 1495 4274 ὅτι
1515 4191 1581 4270 τοῦτ’

432 4316 522 4385 ἔστιν
542 4341 563 4397 η
551 4305 788 4395 “ὁ“ικαιοσύνη.
834 4312 951 4396 Δηλον
992 4297 1174 4392 Οὐκοῦν,
1150 4337 1176 4380 ω
1194 4306 1421 4398 Γλαύκων,
1382 4335 1440 4384 νυν
1461 4305 1499 4393 δη
1516 4301 1584 4392 ἡμᾶς
