3344 5234
588 400 715 508 ...147
756 433 799 452 ..-

100 566 244 650 πόλεως,
269 593 363 658 quum
389 572 485 637 etiam
507 565 582 655 ὑγιῆ
605 569 699 646 dicit,
727 573 805 634 hacc
827 587 909 652 quoe
933 588 1017 634 nunc
1046 568 1149 645 dieat,
1180 569 1280 660 φλεγ-

99 672 300 764 μαινούσης,
322 676 353 741 h.
374 695 403 740 o.
426 693 541 759 aegrae
563 672 708 749 civitatis,
734 675 865 758 propria
887 693 967 743 esse.

184 783 257 847 Non
281 783 336 845 diu
357 788 461 845 tamen
484 781 517 842 iu
539 777 620 853 hoc,
659 796 754 862 quem
779 778 979 861 ingressurus
1006 799 1076 842 esse
1101 773 1279 852 videbatur,

99 903 250 950 sermone
271 891 427 958 versatur,
454 881 628 946 recutitur
642 901 682 944 eo
698 883 738 944 ad
751 879 972 944 inveniendam
995 879 1197 957 iniustitiam,
1226 883 1282 944 sed

98 991 209 1072 paucis
231 991 270 1053 de
288 987 370 1052 iuxu
393 985 622 1068 hominumque
643 987 746 1048 turba·
757 982 791 1048 ia
807 982 961 1048 eiusmodi
976 983 1101 1049 civitate
1117 983 1279 1066 expositis,

99 1093 214 1168 solum,
242 1095 328 1176 quod
350 1099 425 1156 ante
446 1092 486 1154 ad
513 1089 700 1154 nutriendos
729 1086 813 1152 cives
839 1082 1022 1163 suffecerit,
1056 1109 1121 1153 non
1147 1087 1281 1170 amplius

99 1193 248 1261 sufficere
265 1197 320 1258 ait.
356 1195 403 1258 lta
420 1195 533 1262 vicinis
555 1193 635 1278 eripi
655 1211 749 1276 agros
771 1197 803 1256 et
830 1191 908 1255 oriri
937 1189 1066 1261 bellum.
1095 1193 1166 1257 Καὶ
1176 1193 1282 1278 μηδὲν

98 1303 135 1384 ys'
156 1325 207 1364 πω
230 1285 447 1384 tiresum-tir
468 1293 498 1363 δ’
523 1292 595 1381 ἐγὼ,
617 1291 689 1379 μήτ’
715 1295 796 1360 εἴτι
819 1291 930 1374 κακὸν,
949 1289 1023 1380 μηί
1049 1291 1079 1360 εἰ
1098 1289 1239 1379 mcccv
1261 1288 1280 1362 ὁ

98 1398 243 1489 πόλεμος
259 1396 439 1490 ἐργάζεται,
462 1395 549 1465 ἀλλὰ
562 1399 723 1464 τοσοῦτον
736 1391 849 1482 μόνον,
871 1388 924 1464 ὅτι
938 1400 1083 1484 πολέμου
1099 1384 1142 1465 αὖ
1157 1402 1281 1484 γένεσιν

100 1501 291 1595 εὑρήκαμεν,
315 1505 348 1585 ἒξ
367 1493 412 1571 ὧν
433 1499 558 1590 μάλιςα
578 1505 655 1579 ’ταῖς
676 1495 792 1566 πόλεσι
813 1506 869 1567 καὶ
883 1496 952 1591 ἰδίᾳ
964 1506 1023 1567 καὶ
1037 1503 1180 1593 δημοσίᾳ
1196 1497 1286 1567 κακὰ,

99 1612 245 1695 γίγνεται
268 1599 349 1674 ὅταν
371 1608 532 1693 μέμνηται.
567 1607 612 1671 Cf.
639 1627 671 1688 p.
691 1607 762 1680 373,
786 1607 821 1670 E.
865 1606 902 1670 In
925 1603 973 1669 his
994 1603 1090 1690 plura·
1110 1603 1282 1670 nobismi-

99 1711 214 1777 rabilia
236 1713 403 1776 accidunt:
423 1709 463 1794 ’1)
491 1713 577 1795 quod
602 1708 685 1774 belli
704 1707 804 1784 mala,
836 1728 917 1793 quae
947 1709 1085 1774 maxima
1112 1729 1181 1774 esse
1206 1727 1282 1774 con·
1399 1793 1403 1802 .
1450 1783 1458 1798 ο

101 1819 201 1890 cedit,
231 1817 407 1881 accuratius
424 1817 597 1898 exquirere
621 1832 686 1880 nou
705 1817 798 1894 vulti¹
821 1816 963 1900 2)·quod
989 1838 1053 1882 non
1072 1817 1172 1883 utitur
1186 1818 1281 1882 iisad

100 1919 333 1986 inveniendam
346 1918 548 1995 iniustitiam,
577 1941 617 1984 cx
639 1940 702 2006 qua
727 1921 803 1987 heiti
826 1922 907 1987 mala
929 1923 1095 2000 oriuntur-3
1126 1921 1155 2005 3)
1179 1899 1279 2006 rqnod,

100 2033 262 2110 umquam
276 2022 556 2108 magnumnttquid
569 2032 605 2087 et
613 2017 873 2101 memorandum,
897 2023 973 2090 beili
988 2025 1143 2111 origtnem
1159 2047 1192 2090 se
1208 2025 1283 2091 dicit

99 2127 285 2198 invenisse·
317 2125 500 2210 Coltigimus
524 2147 564 2190 cx
584 2127 652 2204 his,
675 2147 719 2194 ne
748 2127 934 2195 iniustitiam
960 2134 1088 2215 quidem
1112 2129 1232 2215 quaeri·
1247 2132 1282 2193 in

99 2226 385 2324 spocpcooprcotsc,
410 2239 441 2294 ct
463 2228 562 2294 verba
583 2222 636 2296 ὅτι
657 2237 802 2318 πολέμου
823 2220 865 2299 αὖ
888 2234 1011 2319 γένεσιν
1026 2229 1207 2318 εὑρήκαμεν
1227 2237 1282 2298 ad*

100 2339 164 2402 dita
185 2356 271 2410 esse,
299 2342 335 2398 ut
352 2333 462 2398 lector.
475 2341 596 2418 speret,
620 2333 754 2400 fortasse¹
780 2336 875 2401 etiam
897 2338 940 2400 itu
962 2339 1150 2421 necopinato
1172 2337 1282 2401 inven-

99 2448 165 2505 tum
179 2438 232 2502 iri
249 2437 410 2502 iustitiam.
447 2439 622 2502 Adiuvatur
639 2438 687 2502 ita
709 2439 756 2503 his
780 2459 906 2524 quoquc
930 2442 1041 2525 opinio
1062 2434 1172 2527 quaeri
1192 2440 1303 2504 iusti-s

98 2545 191 2616 tiam,
214 2545 288 2615 sed,
313 2543 551 2607 commotius
571 2549 603 2605 et
623 2540 663 2605 ab
686 2541 932 2627 intelligentibus
957 2550 1055 2609 totam
1083 2545 1188 2629 operis
1206 2564 1282 2608 con·

98 2646 308 2712 structionem
334 2647 505 2731 pensitato,
534 2645 663 2710 tollitur.
713 2649 799 2710 Facit
821 2646 882 2712 huc
905 2650 999 2712 etiam
1028 2647 1214 2712 Schneideri
1241 2649 1282 2711 ad

97 2755 185 2816 hunc
210 2750 316 2815 locum
336 2735 517 2814 adnotatioc
557 2749 711 2815 «Scilicet
738 2749 813 2814 belli
839 2753 1000 2816 mentione
1026 2750 1161 2828 iniecta,
1196 2753 1282 2836 quot

97 2857 244 2920 omnium
267 2853 423 2920 melorum
445 2854 537 2936 quasi
557 2854 760 2918 seminarium
783 2849 971 2930 habebatur,
995 2855 1282 2941 --n'exspectari

98 2966 238 3044 poterat,
258 2965 298 3022 nt
317 2960 464 3022 Socrates
485 2956 610 3041 singola
630 2960 783 3041 deinceps
796 2958 889 3035 mala,
916 2958 986 3033 vet,
1014 2959 1041 3023 si
1064 2979 1145 3044 qnae
1163 2967 1279 3034 essent,

99 3067 187 3128 bona
210 3069 428 3135 enumeraret,
455 3081 538 3144 quae
566 3047 613 3125 sic
635 3082 675 3125 ex
696 3061 796 3137 bello,
828 3062 876 3127 uti
902 3082 942 3126 ex
967 3061 1043 3128 luxu
1068 3062 1199 3139 bellum,
1225 3057 1284 3126 nae

100 3173 278 3231 sperentur.
323 3166 432 3248 Itaque
451 3162 512 3228 tioc
525 3183 567 3228 -se
584 3163 741 3230 facturum
756 3173 850 3254 negat
864 3174 897 3230 et
912 3163 985 3231 belli
1005 3167 1278 3249 originedetecta,

99 3293 140 3336 ex
163 3289 230 3354 quo
249 3268 386 3354 plurima
407 3267 488 3331 mata
508 3268 638 3353 prodire
657 3270 783 3342 fatetur,
806 3271 914 3333 statim
935 3273 974 3333 cd
998 3268 1030 3332 id
1053 3271 1169 3354 pergit,
1194 3271 1282 3354 quod

99 3377 148 3438 his
169 3375 318 3438 omuibus
340 3373 530 3436 medicinam
552 3371 718 3437 allaturum
747 3380 781 3436 et
806 3372 898 3437 simul
920 3371 1282 3462 institutamacivitatcm

98 3475 319 3563 perfecturum
341 3484 443 3540 erat.»
479 3475 531 3540 'Cis
553 3477 646 3540 Schn.
666 3479 739 3544 adn.
762 3478 802 3539 ad
823 3478 853 3540 h'.
876 3475 898 3541 i.
922 3496 953 3561 p.
980 3479 1050 3540 tcc.
1093 3478 1160 3540 ianr
1184 3477 1282 3560 igitur

99 3583 276 3647 revertitur
304 3599 409 3644 sermo
432 3581 472 3642 ad
497 3577 669 3664 perfectam
686 3579 859 3644 civitatem.
894 3581 982 3665 Opus
1006 3581 1091 3644 enim
1115 3601 1185 3644 esse
1207 3581 1283 3644 dicit

99 3685 157 3762 iis,
186 3682 244 3768 qui
267 3682 385 3746 bellom
411 3689 531 3766 gerant.
578 3684 722 3758 succro,
754 3682 797 3746 mi
825 3681 1006 3759 carissime,
1042 3691 1131 3749 aucta
1157 3681 1282 3748 civitate

101 3809 183 3874 opus
206 3794 255 3852 est
279 3805 344 3872 non
366 3805 465 3871 parvo
488 3784 638 3858 exercitu,
667 3786 721 3870 qui
739 3805 798 3871 pro
818 3785 954 3851 fortunis
976 3785 1077 3871 iisque
1090 3799 1172 3871 quos
1185 3789 1281 3852 modo

101 3883 421 3958 commemoravimus
437 3909 514 3952 cum
534 3891 678 3954 nostibus
701 3889 839 3954 dimicet
869 3889 953 3966 Quid
973 3896 1074 3956 vcro?
1098 3890 1148 3955 hic
1168 3889 1281 3975 inquit,

101 3997 166 4082 ipsi
187 3990 491 4058 nonnosuificiuntt
523 3994 594 4056 Nou
611 3991 793 4068 *euticium
826 3993 853 4058 si
871 4000 906 4058 to
930 4001 962 4056 et
983 4015 1042 4058 nos
1068 3997 1178 4060 omnes
1197 4002 1283 4060 recte

103 4097 333 4172 concessimus,
362 4115 460 4181 quum
487 4093 677 4180 fingeremus
702 4095 870 4162 civitatem.
916 4096 1136 4164 Concessimos
1162 4103 1280 4176 antemi

104 4203 130 4268 si
156 4199 357 4276 recordaris,
372 4199 443 4266 fieri
459 4221 525 4264 non
544 4220 641 4286 posse
656 4208 692 4264 ut
709 4218 790 4268 unus
807 4201 921 4287 'plures
941 4209 1028 4269 artes
1038 4205 1121 4267 bene
1136 4209 1281 4268 tractet.»

106 4302 395 4394 cpotoyocpoacc
414 4311 495 4383 neci
524 4300 556 4372 εἰ
573 4307 734 4394 μέμνησο,
762 4300 929 4374 ἀδύνατον
943 4302 1153 4384 i'rcrcmttc'ec
1174 4305 1283 4385 καλῶς
