<?xml version="1.0" encoding="UTF-8"?>
<!DOCTYPE html PUBLIC "-//W3C//DTD XHTML 1.0 Transitional//EN"
    "http://www.w3.org/TR/xhtml1/DTD/xhtml1-transitional.dtd">
<html xmlns="http://www.w3.org/1999/xhtml" xml:lang="en" lang="en">
 <head>
  <title>
</title>
<meta http-equiv="Content-Type" content="text/html;charset=utf-8" />
  <meta name='ocr-system' content='tesseract 3.04.00' />
  <meta name='ocr-capabilities' content='ocr_page ocr_carea ocr_par ocr_line ocrx_word'/>
</head>
<body>
  <div class='ocr_page' id='page_1' title='image "./prolegomenaadpl00rettgoog_0323.png"; bbox 0 0 3296 5232; ppageno 0'>
   <div class='ocr_carea' id='block_1_1' title="bbox 823 365 1058 434">
    <p class='ocr_par' dir='ltr' id='par_1_1' title="bbox 823 365 1058 434">
     <span class='ocr_line' id='line_1_1' title="bbox 823 365 1058 434; baseline -0.004 0"><span class='ocrx_word' id='word_1_1' title='bbox 823 365 1058 434; x_wconf 73' lang='lat'><strong>-312-</strong></span> 
     </span>
    </p>
   </div>
   <div class='ocr_carea' id='block_1_2' title="bbox 347 521 1544 724">
    <p class='ocr_par' dir='ltr' id='par_1_2' title="bbox 347 521 1544 724">
     <span class='ocr_line' id='line_1_2' title="bbox 347 521 1544 618; baseline 0.003 -24"><span class='ocrx_word' id='word_1_2' title='bbox 347 524 464 616; x_wconf 85' lang='grc' dir='ltr'><strong><em>μείζων</em></strong></span> <span class='ocrx_word' id='word_1_3' title='bbox 484 523 634 613; x_wconf 77' lang='grc' dir='ltr'><strong><em>ἐκβαίνει·</em></strong></span> <span class='ocrx_word' id='word_1_4' title='bbox 657 524 692 594; x_wconf 77' lang='grc' dir='ltr'><strong><em>ἐκ</em></strong></span> <span class='ocrx_word' id='word_1_5' title='bbox 707 527 742 600; x_wconf 77' lang='grc' dir='ltr'><strong><em>δὲ,</em></strong></span> <span class='ocrx_word' id='word_1_6' title='bbox 754 521 795 608; x_wconf 79' lang='grc' dir='ltr'><strong><em>δὴ</em></strong></span> <span class='ocrx_word' id='word_1_7' title='bbox 810 526 874 592; x_wconf 89' lang='grc' dir='ltr'><strong><em>τῶν</em></strong></span> <span class='ocrx_word' id='word_1_8' title='bbox 884 523 1092 614; x_wconf 79' lang='grc' dir='ltr'><strong><em>ξυμβολαίων</em></strong></span> <span class='ocrx_word' id='word_1_9' title='bbox 1107 524 1234 617; x_wconf 80' lang='grc' dir='ltr'><strong><em>ἔρχεται</em></strong></span> <span class='ocrx_word' id='word_1_10' title='bbox 1250 526 1303 594; x_wconf 82' lang='grc' dir='ltr'><strong><em>ε’πλ</em></strong></span> <span class='ocrx_word' id='word_1_11' title='bbox 1319 521 1400 607; x_wconf 79' lang='grc' dir='ltr'><strong><em>τοίς</em></strong></span> <span class='ocrx_word' id='word_1_12' title='bbox 1413 521 1544 618; x_wconf 86' lang='grc' dir='ltr'><strong><em>νόμους</em></strong></span> 
     </span>
     <span class='ocr_line' id='line_1_3' title="bbox 351 615 1542 724; baseline -0.002 -23"><span class='ocrx_word' id='word_1_13' title='bbox 351 635 407 701; x_wconf 81' lang='grc' dir='ltr'><strong><em>καὶ</em></strong></span> <span class='ocrx_word' id='word_1_14' title='bbox 421 630 587 709; x_wconf 88' lang='grc' dir='ltr'><strong><em>πολιτείας</em></strong></span> <span class='ocrx_word' id='word_1_15' title='bbox 598 626 658 700; x_wconf 80' lang='grc' dir='ltr'><strong><em>σὺν</em></strong></span> <span class='ocrx_word' id='word_1_16' title='bbox 670 631 784 724; x_wconf 76' lang='grc' dir='ltr'><strong><em>πολλῇ,</em></strong></span> <span class='ocrx_word' id='word_1_17' title='bbox 802 615 1039 716; x_wconf 84' lang='grc' dir='ltr'><strong><em>ῶΣῶκρατες,</em></strong></span> <span class='ocrx_word' id='word_1_18' title='bbox 1057 624 1223 722; x_wconf 75' lang='grc' dir='ltr'><strong><em>ἀσελγείᾳ,</em></strong></span> <span class='ocrx_word' id='word_1_19' title='bbox 1245 633 1317 712; x_wconf 76' lang='grc' dir='ltr'><strong><em>ἕως</em></strong></span> <span class='ocrx_word' id='word_1_20' title='bbox 1338 628 1385 698; x_wconf 83' lang='grc' dir='ltr'><strong><em>ἀν</em></strong></span> <span class='ocrx_word' id='word_1_21' title='bbox 1403 637 1542 700; x_wconf 89' lang='grc' dir='ltr'><strong><em>τελευ-</em></strong></span> 
     </span>
    </p>
   </div>
   <div class='ocr_carea' id='block_1_3' title="bbox 347 723 1635 4348">
    <p class='ocr_par' dir='ltr' id='par_1_3' title="bbox 347 723 1545 1657">
     <span class='ocr_line' id='line_1_4' title="bbox 350 723 1538 828; baseline 0.002 -27"><span class='ocrx_word' id='word_1_22' title='bbox 350 733 461 802; x_wconf 86' lang='grc' dir='ltr'><strong><em>τῶσα</em></strong></span> <span class='ocrx_word' id='word_1_23' title='bbox 482 729 621 804; x_wconf 86' lang='grc' dir='ltr'><strong><em>πάντα</em></strong></span> <span class='ocrx_word' id='word_1_24' title='bbox 638 729 725 826; x_wconf 79' lang='grc' dir='ltr'><strong><em>ίδίφ</em></strong></span> <span class='ocrx_word' id='word_1_25' title='bbox 746 739 817 800; x_wconf 84' lang='grc' dir='ltr'><strong><em>καὶ</em></strong></span> <span class='ocrx_word' id='word_1_26' title='bbox 840 735 1027 825; x_wconf 72' lang='grc' dir='ltr'><strong><em>δημοσία</em></strong></span> <span class='ocrx_word' id='word_1_27' title='bbox 1044 728 1271 828; x_wconf 74' lang='grc' dir='ltr'><em>ἀνατρέψῃ.</em></span> <span class='ocrx_word' id='word_1_28' title='bbox 1309 725 1402 816; x_wconf 86' lang='grc' dir='ltr'><strong><em>Εἶεν,</em></strong></span> <span class='ocrx_word' id='word_1_29' title='bbox 1428 723 1475 822; x_wconf 78' lang='grc' dir='ltr'><strong><em>ἦν</em></strong></span> <span class='ocrx_word' id='word_1_30' title='bbox 1507 733 1538 803; x_wconf 75' lang='grc' dir='ltr'><strong><em>δ’</em></strong></span> 
     </span>
     <span class='ocr_line' id='line_1_5' title="bbox 347 827 1543 928; baseline 0.001 -22"><span class='ocrx_word' id='word_1_31' title='bbox 347 833 418 925; x_wconf 75' lang='grc' dir='ltr'><strong><em>ἐγώ·</em></strong></span> <span class='ocrx_word' id='word_1_32' title='bbox 434 827 520 912; x_wconf 82' lang='grc' dir='ltr'><strong><em>οίίτω</em></strong></span> <span class='ocrx_word' id='word_1_33' title='bbox 532 832 617 908; x_wconf 84' lang='grc' dir='ltr'><strong><em>τοῦτ’</em></strong></span> <span class='ocrx_word' id='word_1_34' title='bbox 632 837 707 926; x_wconf 78' lang='grc' dir='ltr'><strong><em>ἔχει·</em></strong></span> <span class='ocrx_word' id='word_1_35' title='bbox 731 839 832 905; x_wconf 81' lang='grc' dir='ltr'><strong><em>Δοκεῖ</em></strong></span> <span class='ocrx_word' id='word_1_36' title='bbox 837 861 907 925; x_wconf 88' lang='grc' dir='ltr'><strong><em>μοι,</em></strong></span> <span class='ocrx_word' id='word_1_37' title='bbox 928 835 1003 927; x_wconf 81' lang='grc' dir='ltr'><strong><em>ἔφη,</em></strong></span> <span class='ocrx_word' id='word_1_38' title='bbox 1030 832 1157 904; x_wconf 82' lang='grc' dir='ltr'><strong><em>Οὐκοῦν</em></strong></span> <span class='ocrx_word' id='word_1_39' title='bbox 1172 830 1236 918; x_wconf 83' lang='grc' dir='ltr'><strong><em>ὁέξ</em></strong></span> <span class='ocrx_word' id='word_1_40' title='bbox 1246 832 1350 928; x_wconf 84' lang='grc' dir='ltr'><strong><em>ἀρχῆς</em></strong></span> <span class='ocrx_word' id='word_1_41' title='bbox 1366 840 1543 926; x_wconf 82' lang='grc' dir='ltr'><strong><em>ἐλέγομεν,</em></strong></span> 
     </span>
     <span class='ocr_line' id='line_1_6' title="bbox 351 935 1543 1031; baseline -0.002 -19"><span class='ocrx_word' id='word_1_42' title='bbox 351 946 421 1021; x_wconf 83' lang='grc' dir='ltr'><strong><em>τοῖς</em></strong></span> <span class='ocrx_word' id='word_1_43' title='bbox 448 935 621 1031; x_wconf 78' lang='grc' dir='ltr'><em>ἡμετέροις</em></span> <span class='ocrx_word' id='word_1_44' title='bbox 648 947 763 1009; x_wconf 83' lang='grc' dir='ltr'><strong><em>παισὶν</em></strong></span> <span class='ocrx_word' id='word_1_45' title='bbox 785 943 1005 1028; x_wconf 79' lang='grc' dir='ltr'><strong><em>ἐννομωτέρου</em></strong></span> <span class='ocrx_word' id='word_1_46' title='bbox 1035 935 1141 1018; x_wconf 74' lang='grc' dir='ltr'><strong><em>εὐθὺς</em></strong></span> <span class='ocrx_word' id='word_1_47' title='bbox 1169 943 1306 1020; x_wconf 80' lang='grc' dir='ltr'><strong><em>παιδιᾶς</em></strong></span> <span class='ocrx_word' id='word_1_48' title='bbox 1333 945 1543 1028; x_wconf 75' lang='grc' dir='ltr'><strong><em>μεθεκτέον,</em></strong></span> 
     </span>
     <span class='ocr_line' id='line_1_7' title="bbox 347 1039 1545 1134; baseline -0.003 -17"><span class='ocrx_word' id='word_1_49' title='bbox 347 1039 391 1126; x_wconf 85' lang='grc' dir='ltr'><strong><em>ῶς</em></strong></span> <span class='ocrx_word' id='word_1_50' title='bbox 411 1040 609 1133; x_wconf 77' lang='grc' dir='ltr'><strong><em>παρανόμου</em></strong></span> <span class='ocrx_word' id='word_1_51' title='bbox 631 1047 823 1132; x_wconf 73' lang='grc' dir='ltr'><strong><em>γιγνομένης</em></strong></span> <span class='ocrx_word' id='word_1_52' title='bbox 845 1040 949 1131; x_wconf 74' lang='grc' dir='ltr'><strong><em>αὐτῆς</em></strong></span> <span class='ocrx_word' id='word_1_53' title='bbox 971 1049 1027 1112; x_wconf 80' lang='grc' dir='ltr'><strong><em>καὶ</em></strong></span> <span class='ocrx_word' id='word_1_54' title='bbox 1048 1045 1175 1112; x_wconf 78' lang='grc' dir='ltr'><strong><em>παίδων</em></strong></span> <span class='ocrx_word' id='word_1_55' title='bbox 1196 1041 1357 1114; x_wconf 82' lang='grc' dir='ltr'><strong><em>τοιούτων</em></strong></span> <span class='ocrx_word' id='word_1_56' title='bbox 1378 1041 1545 1134; x_wconf 78' lang='grc' dir='ltr'><strong><em>ἐννόμους</em></strong></span> 
     </span>
     <span class='ocr_line' id='line_1_8' title="bbox 349 1143 1544 1238; baseline -0.004 -17"><span class='ocrx_word' id='word_1_57' title='bbox 349 1175 383 1221; x_wconf 83' lang='grc' dir='ltr'><strong><em>τε</em></strong></span> <span class='ocrx_word' id='word_1_58' title='bbox 406 1154 462 1218; x_wconf 79' lang='grc' dir='ltr'><strong><em>καί</em></strong></span> <span class='ocrx_word' id='word_1_59' title='bbox 484 1147 686 1227; x_wconf 71' lang='grc' dir='ltr'><strong><em>σπουδαίους</em></strong></span> <span class='ocrx_word' id='word_1_60' title='bbox 707 1147 741 1229; x_wconf 79' lang='grc' dir='ltr'><strong><em>ἐξ</em></strong></span> <span class='ocrx_word' id='word_1_61' title='bbox 768 1143 876 1216; x_wconf 83' lang='grc' dir='ltr'><strong><em>αὐτῶν</em></strong></span> <span class='ocrx_word' id='word_1_62' title='bbox 903 1143 1028 1238; x_wconf 84' lang='grc' dir='ltr'><strong><em>ἀνδρας</em></strong></span> <span class='ocrx_word' id='word_1_63' title='bbox 1049 1143 1260 1230; x_wconf 77' lang='grc' dir='ltr'><strong><em>αὐξάνεσθαι</em></strong></span> <span class='ocrx_word' id='word_1_64' title='bbox 1285 1143 1457 1218; x_wconf 81' lang='grc' dir='ltr'><strong><em>ἀδύνατον</em></strong></span> <span class='ocrx_word' id='word_1_65' title='bbox 1485 1147 1544 1233; x_wconf 69' lang='grc' dir='ltr'><strong><em>όν,</em></strong></span> 
     </span>
     <span class='ocr_line' id='line_1_9' title="bbox 350 1243 1545 1343; baseline 0 -23"><span class='ocrx_word' id='word_1_66' title='bbox 350 1252 431 1332; x_wconf 85' lang='grc' dir='ltr'><strong><em>Πῶς</em></strong></span> <span class='ocrx_word' id='word_1_67' title='bbox 443 1247 475 1322; x_wconf 80' lang='grc' dir='ltr'><strong><em>δ’</em></strong></span> <span class='ocrx_word' id='word_1_68' title='bbox 493 1247 582 1340; x_wconf 76' lang='grc' dir='ltr'><strong><em>οὗχίς</em></strong></span> <span class='ocrx_word' id='word_1_69' title='bbox 604 1250 679 1343; x_wconf 83' lang='grc' dir='ltr'><strong><em>ἔφη.</em></strong></span> <span class='ocrx_word' id='word_1_70' title='bbox 702 1243 813 1320; x_wconf 78' lang='grc' dir='ltr'><strong><em>Ὅταν</em></strong></span> <span class='ocrx_word' id='word_1_71' title='bbox 828 1248 868 1337; x_wconf 76' lang='grc' dir='ltr'><strong><em>δὴ</em></strong></span> <span class='ocrx_word' id='word_1_72' title='bbox 883 1248 951 1343; x_wconf 83' lang='grc' dir='ltr'><strong><em>ἀρα</em></strong></span> <span class='ocrx_word' id='word_1_73' title='bbox 965 1252 1072 1332; x_wconf 78' lang='grc' dir='ltr'><strong><em>καλῶς</em></strong></span> <span class='ocrx_word' id='word_1_74' title='bbox 1087 1245 1263 1342; x_wconf 82' lang='grc' dir='ltr'><strong><em>ἀρξάμενοι</em></strong></span> <span class='ocrx_word' id='word_1_75' title='bbox 1281 1255 1398 1332; x_wconf 85' lang='grc' dir='ltr'><strong><em>παῖδες</em></strong></span> <span class='ocrx_word' id='word_1_76' title='bbox 1412 1254 1545 1335; x_wconf 82' lang='grc' dir='ltr'><strong><em>παίζειν</em></strong></span> 
     </span>
     <span class='ocr_line' id='line_1_10' title="bbox 351 1350 1545 1443; baseline -0.003 -15"><span class='ocrx_word' id='word_1_77' title='bbox 351 1352 504 1443; x_wconf 77' lang='grc' dir='ltr'><strong><em>εὐνομίαν</em></strong></span> <span class='ocrx_word' id='word_1_78' title='bbox 526 1352 583 1426; x_wconf 79' lang='grc' dir='ltr'><strong><em>διὰ</em></strong></span> <span class='ocrx_word' id='word_1_79' title='bbox 603 1356 663 1438; x_wconf 79' lang='grc' dir='ltr'><strong><em>τῆς</em></strong></span> <span class='ocrx_word' id='word_1_80' title='bbox 683 1357 846 1442; x_wconf 77' lang='grc' dir='ltr'><strong><em>μουσικῆς</em></strong></span> <span class='ocrx_word' id='word_1_81' title='bbox 861 1351 1077 1438; x_wconf 82' lang='grc' dir='ltr'><strong><em>είςδέξωνταε,</em></strong></span> <span class='ocrx_word' id='word_1_82' title='bbox 1092 1350 1201 1424; x_wconf 86' lang='grc' dir='ltr'><strong><em>πάλιν</em></strong></span> <span class='ocrx_word' id='word_1_83' title='bbox 1216 1350 1447 1439; x_wconf 80' lang='grc' dir='ltr'><strong><em>τούναντίουῆ</em></strong></span> <span class='ocrx_word' id='word_1_84' title='bbox 1464 1358 1545 1424; x_wconf 81' lang='grc' dir='ltr'><strong><em>ἑκεί-</em></strong></span> 
     </span>
     <span class='ocr_line' id='line_1_11' title="bbox 352 1456 1545 1550; baseline -0.003 -19"><span class='ocrx_word' id='word_1_85' title='bbox 352 1485 423 1540; x_wconf 84' lang='grc' dir='ltr'><strong><em>κοις</em></strong></span> <span class='ocrx_word' id='word_1_86' title='bbox 438 1457 485 1541; x_wconf 80' lang='grc' dir='ltr'><strong><em>εἰς</em></strong></span> <span class='ocrx_word' id='word_1_87' title='bbox 512 1456 622 1530; x_wconf 81' lang='grc' dir='ltr'><strong><em>πάντα</em></strong></span> <span class='ocrx_word' id='word_1_88' title='bbox 655 1459 822 1541; x_wconf 83' lang='grc' dir='ltr'><strong><em>ξυνέπεταί</em></strong></span> <span class='ocrx_word' id='word_1_89' title='bbox 843 1483 878 1526; x_wconf 86' lang='grc' dir='ltr'><strong><em>τε</em></strong></span> <span class='ocrx_word' id='word_1_90' title='bbox 904 1465 960 1526; x_wconf 84' lang='grc' dir='ltr'><strong><em>καὶ</em></strong></span> <span class='ocrx_word' id='word_1_91' title='bbox 988 1456 1079 1542; x_wconf 78' lang='grc' dir='ltr'><strong><em>αὔξει</em></strong></span> <span class='ocrx_word' id='word_1_92' title='bbox 1113 1460 1354 1550; x_wconf 80' lang='grc' dir='ltr'><strong><em>ἐπανορθοῦσα</em></strong></span> <span class='ocrx_word' id='word_1_93' title='bbox 1377 1461 1413 1528; x_wconf 85' lang='grc' dir='ltr'><strong><em>εἴ</em></strong></span> <span class='ocrx_word' id='word_1_94' title='bbox 1430 1485 1466 1528; x_wconf 89' lang='grc' dir='ltr'><strong><em>τι</em></strong></span> <span class='ocrx_word' id='word_1_95' title='bbox 1487 1466 1545 1528; x_wconf 83' lang='grc' dir='ltr'><strong><em>καὶ</em></strong></span> 
     </span>
     <span class='ocr_line' id='line_1_12' title="bbox 352 1557 1291 1657; baseline -0.005 -23"><span class='ocrx_word' id='word_1_96' title='bbox 352 1560 515 1656; x_wconf 85' lang='grc' dir='ltr'><strong><em>πρότερον</em></strong></span> <span class='ocrx_word' id='word_1_97' title='bbox 537 1564 594 1646; x_wconf 83' lang='grc' dir='ltr'><strong><em>τῆς</em></strong></span> <span class='ocrx_word' id='word_1_98' title='bbox 614 1557 739 1640; x_wconf 88' lang='grc' dir='ltr'><strong><em>πόλεως</em></strong></span> <span class='ocrx_word' id='word_1_99' title='bbox 760 1561 877 1630; x_wconf 84' lang='grc' dir='ltr'><strong><em>ἔκειτο.</em></strong></span> <span class='ocrx_word' id='word_1_100' title='bbox 905 1557 1045 1650; x_wconf 80' lang='grc' dir='ltr'><strong><em>Ἀληθῆ</em></strong></span> <span class='ocrx_word' id='word_1_101' title='bbox 1065 1565 1193 1650; x_wconf 84' lang='grc' dir='ltr'><strong><em>μέντοι,</em></strong></span> <span class='ocrx_word' id='word_1_102' title='bbox 1216 1562 1291 1657; x_wconf 84' lang='grc' dir='ltr'><strong><em>ἔφη.</em></strong></span> 
     </span>
    </p>

    <p class='ocr_par' dir='ltr' id='par_1_4' title="bbox 350 1666 1635 4237">
     <span class='ocr_line' id='line_1_13' title="bbox 437 1666 1543 1754; baseline 0.003 -21"><span class='ocrx_word' id='word_1_103' title='bbox 437 1671 505 1736; x_wconf 91' lang='lat' dir='ltr'><strong><em>Iam</em></strong></span> <span class='ocrx_word' id='word_1_104' title='bbox 528 1688 606 1736; x_wconf 87' lang='lat' dir='ltr'><strong>vero</strong></span> <span class='ocrx_word' id='word_1_105' title='bbox 628 1666 730 1734; x_wconf 76' lang='lat' dir='ltr'><strong>omitti</strong></span> <span class='ocrx_word' id='word_1_106' title='bbox 751 1688 815 1736; x_wconf 86' lang='lat' dir='ltr'><strong><em>non</em></strong></span> <span class='ocrx_word' id='word_1_107' title='bbox 841 1675 962 1754; x_wconf 80' lang='lat' dir='ltr'><strong>potest,</strong></span> <span class='ocrx_word' id='word_1_108' title='bbox 992 1670 1078 1754; x_wconf 90' lang='lat' dir='ltr'><strong>quod</strong></span> <span class='ocrx_word' id='word_1_109' title='bbox 1107 1666 1156 1736; x_wconf 84' lang='lat' dir='ltr'><strong><em>vel</em></strong></span> <span class='ocrx_word' id='word_1_110' title='bbox 1183 1667 1217 1734; x_wconf 90' lang='lat' dir='ltr'><strong><em>in</em></strong></span> <span class='ocrx_word' id='word_1_111' title='bbox 1243 1669 1329 1754; x_wconf 78' lang='lat' dir='ltr'><strong>vulgi</strong></span> <span class='ocrx_word' id='word_1_112' title='bbox 1356 1689 1543 1736; x_wconf 80' lang='lat' dir='ltr'><strong>sermonem</strong></span> 
     </span>
     <span class='ocr_line' id='line_1_14' title="bbox 352 1769 1545 1858; baseline -0.002 -16"><span class='ocrx_word' id='word_1_113' title='bbox 352 1771 450 1842; x_wconf 81' lang='lat' dir='ltr'><strong>abiit:</strong></span> <span class='ocrx_word' id='word_1_114' title='bbox 473 1774 674 1840; x_wconf 82' lang='lat' dir='ltr'>Miseriarum</span> <span class='ocrx_word' id='word_1_115' title='bbox 685 1769 789 1838; x_wconf 78' lang='lat' dir='ltr'><strong>dinem</strong></span> <span class='ocrx_word' id='word_1_116' title='bbox 818 1769 996 1838; x_wconf 73' lang='lat' dir='ltr'><strong>civilatibus</strong></span> <span class='ocrx_word' id='word_1_117' title='bbox 1018 1772 1160 1838; x_wconf 77' lang='lat' dir='ltr'><strong>futurum</strong></span> <span class='ocrx_word' id='word_1_118' title='bbox 1184 1792 1360 1852; x_wconf 74' lang='lat' dir='ltr'><strong>nodosae,</strong></span> <span class='ocrx_word' id='word_1_119' title='bbox 1388 1773 1456 1840; x_wconf 82' lang='lat' dir='ltr'><strong>nisi</strong></span> <span class='ocrx_word' id='word_1_120' title='bbox 1470 1777 1545 1858; x_wconf 89' lang='lat' dir='ltr'><strong>phi·</strong></span> 
     </span>
     <span class='ocr_line' id='line_1_15' title="bbox 350 1875 1542 1965; baseline -0.001 -20"><span class='ocrx_word' id='word_1_121' title='bbox 350 1877 478 1965; x_wconf 85' lang='lat' dir='ltr'><strong>losephi</strong></span> <span class='ocrx_word' id='word_1_122' title='bbox 498 1875 667 1961; x_wconf 86' lang='lat' dir='ltr'><strong>imperium</strong></span> <span class='ocrx_word' id='word_1_123' title='bbox 691 1881 838 1950; x_wconf 78' lang='lat' dir='ltr'>teneant,</span> <span class='ocrx_word' id='word_1_124' title='bbox 864 1877 1038 1962; x_wconf 77' lang='lat' dir='ltr'><strong>perfectam</strong></span> <span class='ocrx_word' id='word_1_125' title='bbox 1066 1896 1143 1942; x_wconf 84' lang='lat' dir='ltr'><strong>vero</strong></span> <span class='ocrx_word' id='word_1_126' title='bbox 1166 1875 1325 1942; x_wconf 82' lang='lat' dir='ltr'><strong>civitatem</strong></span> <span class='ocrx_word' id='word_1_127' title='bbox 1347 1875 1418 1943; x_wconf 84' lang='lat' dir='ltr'><strong>fieri</strong></span> <span class='ocrx_word' id='word_1_128' title='bbox 1448 1878 1542 1944; x_wconf 70' lang='lat' dir='ltr'><strong>aliter</strong></span> 
     </span>
     <span class='ocr_line' id='line_1_16' title="bbox 354 1979 1542 2068; baseline 0.001 -19"><span class='ocrx_word' id='word_1_129' title='bbox 354 2002 420 2049; x_wconf 86' lang='lat' dir='ltr'><strong><em>non</em></strong></span> <span class='ocrx_word' id='word_1_130' title='bbox 443 2002 558 2068; x_wconf 79' lang='lat' dir='ltr'><strong>posse,</strong></span> <span class='ocrx_word' id='word_1_131' title='bbox 593 2001 688 2065; x_wconf 85' lang='lat' dir='ltr'><strong>quam</strong></span> <span class='ocrx_word' id='word_1_132' title='bbox 718 1981 745 2045; x_wconf 91' lang='lat' dir='ltr'><strong><em>si</em></strong></span> <span class='ocrx_word' id='word_1_133' title='bbox 770 1979 949 2067; x_wconf 88' lang='lat' dir='ltr'>philosophi</span> <span class='ocrx_word' id='word_1_134' title='bbox 978 1981 1148 2063; x_wconf 82' lang='lat' dir='ltr'><strong>imperium</strong></span> <span class='ocrx_word' id='word_1_135' title='bbox 1175 1987 1313 2047; x_wconf 81' lang='lat' dir='ltr'><strong>teneant.</strong></span> <span class='ocrx_word' id='word_1_136' title='bbox 1360 1980 1410 2046; x_wconf 86' lang='lat' dir='ltr'><strong><em>Cf.</em></strong></span> <span class='ocrx_word' id='word_1_137' title='bbox 1428 1980 1489 2046; x_wconf 88' lang='lat' dir='ltr'><strong>lib.</strong></span> <span class='ocrx_word' id='word_1_138' title='bbox 1505 1987 1542 2050; x_wconf 90' lang='lat' dir='ltr'><strong><em>V.</em></strong></span> 
     </span>
     <span class='ocr_line' id='line_1_17' title="bbox 351 2068 1544 2176; baseline 0.001 -25"><span class='ocrx_word' id='word_1_139' title='bbox 351 2088 415 2152; x_wconf 73' lang='lat'><strong><em>473</em></strong></span> <span class='ocrx_word' id='word_1_140' title='bbox 430 2105 474 2150; x_wconf 90' lang='lat' dir='ltr'><strong><em>m.</em></strong></span> <span class='ocrx_word' id='word_1_141' title='bbox 492 2087 538 2149; x_wconf 81' lang='lat' dir='ltr'><strong><em>st.</em></strong></span> <span class='ocrx_word' id='word_1_142' title='bbox 559 2077 637 2150; x_wconf 71' lang='lat' dir='ltr'><strong><em>’Ede</em></strong></span> <span class='ocrx_word' id='word_1_143' title='bbox 657 2079 703 2170; x_wconf 76' lang='grc' dir='ltr'><strong><em>μὴ</em></strong></span> <span class='ocrx_word' id='word_1_144' title='bbox 715 2131 723 2161; x_wconf 90' lang='grc'><strong><em>,</em></strong></span> <span class='ocrx_word' id='word_1_145' title='bbox 751 2068 792 2163; x_wconf 81' lang='grc' dir='ltr'><strong><em>ἦν</em></strong></span> <span class='ocrx_word' id='word_1_146' title='bbox 813 2082 847 2148; x_wconf 86' lang='grc' dir='ltr'><strong><em>δ’</em></strong></span> <span class='ocrx_word' id='word_1_147' title='bbox 871 2079 947 2168; x_wconf 79' lang='grc' dir='ltr'><strong><em>ἐγὼ,</em></strong></span> <span class='ocrx_word' id='word_1_148' title='bbox 973 2079 996 2168; x_wconf 81' lang='grc' dir='ltr'><strong><em>ἢ</em></strong></span> <span class='ocrx_word' id='word_1_149' title='bbox 1026 2086 1058 2150; x_wconf 90' lang='grc' dir='ltr'><strong><em>οί</em></strong></span> <span class='ocrx_word' id='word_1_150' title='bbox 1079 2077 1267 2176; x_wconf 85' lang='grc' dir='ltr'><strong><em>φιλόσοφοι</em></strong></span> <span class='ocrx_word' id='word_1_151' title='bbox 1293 2079 1544 2169; x_wconf 76' lang='grc' dir='ltr'><strong><em>βασιλεύσωσιν</em></strong></span> 
     </span>
     <span class='ocr_line' id='line_1_18' title="bbox 355 2181 1635 2280; baseline -0.002 -24"><span class='ocrx_word' id='word_1_152' title='bbox 355 2190 394 2264; x_wconf 78' lang='grc' dir='ltr'><strong><em>ἓν,</em></strong></span> <span class='ocrx_word' id='word_1_153' title='bbox 410 2190 484 2265; x_wconf 79' lang='grc' dir='ltr'><strong><em>ταῖς</em></strong></span> <span class='ocrx_word' id='word_1_154' title='bbox 504 2181 656 2268; x_wconf 87' lang='grc' dir='ltr'><strong><em>πόλεσιν,</em></strong></span> <span class='ocrx_word' id='word_1_155' title='bbox 685 2182 709 2271; x_wconf 77' lang='grc' dir='ltr'><em>ἢ</em></span> <span class='ocrx_word' id='word_1_156' title='bbox 730 2187 762 2250; x_wconf 88' lang='grc' dir='ltr'><strong><em>σί</em></strong></span> <span class='ocrx_word' id='word_1_157' title='bbox 781 2187 931 2271; x_wconf 83' lang='grc' dir='ltr'><strong><em>βασιλεῖς</em></strong></span> <span class='ocrx_word' id='word_1_158' title='bbox 959 2209 994 2252; x_wconf 88' lang='grc' dir='ltr'><strong><em>τε</em></strong></span> <span class='ocrx_word' id='word_1_159' title='bbox 1015 2187 1072 2252; x_wconf 86' lang='grc' dir='ltr'><strong><em>νῦν</em></strong></span> <span class='ocrx_word' id='word_1_160' title='bbox 1091 2181 1271 2274; x_wconf 81' lang='grc' dir='ltr'><strong><em>,λεγόμενοι</em></strong></span> <span class='ocrx_word' id='word_1_161' title='bbox 1296 2194 1353 2254; x_wconf 83' lang='grc' dir='ltr'><strong><em>καὶ</em></strong></span> <span class='ocrx_word' id='word_1_162' title='bbox 1374 2183 1544 2255; x_wconf 81' lang='grc' dir='ltr'><strong><em>δυνάσται</em></strong></span> <span class='ocrx_word' id='word_1_163' title='bbox 1634 2265 1635 2280; x_wconf 19' lang='lat'>¹</span> 
     </span>
     <span class='ocr_line' id='line_1_19' title="bbox 353 2283 1541 2383; baseline 0.001 -25"><span class='ocrx_word' id='word_1_164' title='bbox 353 2283 615 2383; x_wconf 73' lang='grc' dir='ltr'><strong><em>φιλοσοφήσωσι</em></strong></span> <span class='ocrx_word' id='word_1_165' title='bbox 642 2291 782 2376; x_wconf 79' lang='grc' dir='ltr'><strong><em>γνησίως</em></strong></span> <span class='ocrx_word' id='word_1_166' title='bbox 810 2313 844 2354; x_wconf 89' lang='grc' dir='ltr'><strong><em>τε</em></strong></span> <span class='ocrx_word' id='word_1_167' title='bbox 871 2293 928 2354; x_wconf 87' lang='grc' dir='ltr'><strong><em>καὶ</em></strong></span> <span class='ocrx_word' id='word_1_168' title='bbox 954 2290 1088 2370; x_wconf 81' lang='grc' dir='ltr'><strong><em>ἱκανῶς,</em></strong></span> <span class='ocrx_word' id='word_1_169' title='bbox 1124 2294 1179 2356; x_wconf 84' lang='grc' dir='ltr'><strong><em>καὶ</em></strong></span> <span class='ocrx_word' id='word_1_170' title='bbox 1208 2291 1307 2358; x_wconf 84' lang='grc' dir='ltr'><strong><em>τοῦτο</em></strong></span> <span class='ocrx_word' id='word_1_171' title='bbox 1337 2288 1382 2370; x_wconf 85' lang='grc' dir='ltr'><strong><em>είς</em></strong></span> <span class='ocrx_word' id='word_1_172' title='bbox 1410 2287 1541 2359; x_wconf 81' lang='grc' dir='ltr'><strong><em>ταύτόν</em></strong></span> 
     </span>
     <span class='ocr_line' id='line_1_20' title="bbox 355 2387 1635 2490; baseline 0 -28"><span class='ocrx_word' id='word_1_173' title='bbox 355 2395 516 2490; x_wconf 79' lang='grc' dir='ltr'><strong><em>ξυμπέσῃ,</em></strong></span> <span class='ocrx_word' id='word_1_174' title='bbox 540 2387 677 2480; x_wconf 78' lang='grc' dir='ltr'><strong><em>δύναμίς</em></strong></span> <span class='ocrx_word' id='word_1_175' title='bbox 698 2417 732 2460; x_wconf 86' lang='grc' dir='ltr'><strong><em>τε</em></strong></span> <span class='ocrx_word' id='word_1_176' title='bbox 752 2389 905 2478; x_wconf 79' lang='grc' dir='ltr'><strong><em>πολιτικὴ</em></strong></span> <span class='ocrx_word' id='word_1_177' title='bbox 938 2396 994 2460; x_wconf 84' lang='grc' dir='ltr'><strong><em>καί</em></strong></span> <span class='ocrx_word' id='word_1_178' title='bbox 1020 2393 1227 2486; x_wconf 82' lang='grc' dir='ltr'><strong><em>φιλοσοφία,</em></strong></span> <span class='ocrx_word' id='word_1_179' title='bbox 1255 2395 1319 2462; x_wconf 89' lang='grc' dir='ltr'><strong><em>τῶν</em></strong></span> <span class='ocrx_word' id='word_1_180' title='bbox 1340 2397 1375 2461; x_wconf 83' lang='grc' dir='ltr'><strong><em>δὲ</em></strong></span> <span class='ocrx_word' id='word_1_181' title='bbox 1398 2396 1460 2462; x_wconf 80' lang='grc' dir='ltr'><strong><em>νῦν</em></strong></span> <span class='ocrx_word' id='word_1_182' title='bbox 1482 2421 1543 2462; x_wconf 87' lang='grc' dir='ltr'><strong><em>πο-</em></strong></span> <span class='ocrx_word' id='word_1_183' title='bbox 1634 2409 1635 2486; x_wconf 71' lang='lat' dir='ltr'>f</span> 
     </span>
     <span class='ocr_line' id='line_1_21' title="bbox 353 2487 1635 2590; baseline 0 -24"><span class='ocrx_word' id='word_1_184' title='bbox 353 2501 535 2590; x_wconf 87' lang='grc' dir='ltr'><strong><em>ρευσμένων</em></strong></span> <span class='ocrx_word' id='word_1_185' title='bbox 553 2502 653 2588; x_wconf 78' lang='grc' dir='ltr'><strong><em>χωρίς</em></strong></span> <span class='ocrx_word' id='word_1_186' title='bbox 675 2523 717 2589; x_wconf 88' lang='grc' dir='ltr'><strong><em>εφ</em></strong></span> <span class='ocrx_word' id='word_1_187' title='bbox 754 2520 907 2582; x_wconf 88' lang='grc' dir='ltr'><strong><em>εκατερον</em></strong></span> <span class='ocrx_word' id='word_1_188' title='bbox 928 2498 965 2561; x_wconf 88' lang='grc' dir='ltr'><strong><em>αί</em></strong></span> <span class='ocrx_word' id='word_1_189' title='bbox 978 2498 1100 2563; x_wconf 85' lang='grc' dir='ltr'><strong><em>πολλαὶ</em></strong></span> <span class='ocrx_word' id='word_1_190' title='bbox 1115 2492 1231 2589; x_wconf 83' lang='grc' dir='ltr'><strong><em>φύσεις</em></strong></span> <span class='ocrx_word' id='word_1_191' title='bbox 1247 2497 1279 2579; x_wconf 81' lang='grc' dir='ltr'><strong><em>ἐξ</em></strong></span> <span class='ocrx_word' id='word_1_192' title='bbox 1294 2492 1445 2584; x_wconf 76' lang='grc' dir='ltr'><strong><em>ἀνάγκης</em></strong></span> <span class='ocrx_word' id='word_1_193' title='bbox 1460 2495 1545 2566; x_wconf 76' lang='grc' dir='ltr'><strong><em>ἀπο·</em></strong></span> <span class='ocrx_word' id='word_1_194' title='bbox 1634 2487 1635 2492; x_wconf 24' lang='lat'>¹</span> 
     </span>
     <span class='ocr_line' id='line_1_22' title="bbox 353 2585 1544 2691; baseline -0.003 -21"><span class='ocrx_word' id='word_1_195' title='bbox 353 2602 568 2682; x_wconf 75' lang='grc' dir='ltr'><strong><em>κλεισθῶσιν,</em></strong></span> <span class='ocrx_word' id='word_1_196' title='bbox 590 2596 650 2670; x_wconf 82' lang='grc' dir='ltr'><strong><em>οὐκ</em></strong></span> <span class='ocrx_word' id='word_1_197' title='bbox 664 2599 713 2678; x_wconf 81' lang='grc' dir='ltr'><strong><em>ἔςι</em></strong></span> <span class='ocrx_word' id='word_1_198' title='bbox 727 2601 836 2666; x_wconf 89' lang='grc' dir='ltr'><strong><em>κακῶν</em></strong></span> <span class='ocrx_word' id='word_1_199' title='bbox 849 2600 974 2676; x_wconf 86' lang='grc' dir='ltr'><strong><em>παῦλα,</em></strong></span> <span class='ocrx_word' id='word_1_200' title='bbox 999 2585 1110 2691; x_wconf 85' lang='grc' dir='ltr'><strong><em>ῶφίλε</em></strong></span> <span class='ocrx_word' id='word_1_201' title='bbox 1125 2596 1300 2684; x_wconf 84' lang='grc' dir='ltr'><strong><em>Ιλαιίκων,</em></strong></span> <span class='ocrx_word' id='word_1_202' title='bbox 1322 2607 1396 2680; x_wconf 87' lang='grc' dir='ltr'><strong><em>ταῖς</em></strong></span> <span class='ocrx_word' id='word_1_203' title='bbox 1408 2597 1544 2682; x_wconf 82' lang='grc' dir='ltr'><strong><em>πόλεσι,</em></strong></span> 
     </span>
     <span class='ocr_line' id='line_1_23' title="bbox 359 2695 1542 2798; baseline -0.003 -23"><span class='ocrx_word' id='word_1_204' title='bbox 359 2708 446 2776; x_wconf 90' lang='grc' dir='ltr'><strong><em>δοκῶ</em></strong></span> <span class='ocrx_word' id='word_1_205' title='bbox 468 2709 503 2774; x_wconf 84' lang='grc' dir='ltr'><strong><em>δὲ</em></strong></span> <span class='ocrx_word' id='word_1_206' title='bbox 527 2701 602 2773; x_wconf 82' lang='grc' dir='ltr'><strong><em>οὐδὲ</em></strong></span> <span class='ocrx_word' id='word_1_207' title='bbox 633 2706 678 2798; x_wconf 79' lang='grc' dir='ltr'><strong><em>τῶ</em></strong></span> <span class='ocrx_word' id='word_1_208' title='bbox 701 2701 902 2794; x_wconf 76' lang='grc' dir='ltr'><strong><em>ἀνθρωπίνῳ</em></strong></span> <span class='ocrx_word' id='word_1_209' title='bbox 931 2705 1031 2789; x_wconf 85' lang='grc' dir='ltr'><strong><em>γένει,</em></strong></span> <span class='ocrx_word' id='word_1_210' title='bbox 1061 2697 1136 2770; x_wconf 77' lang='grc' dir='ltr'><strong><em>οὐδὲ</em></strong></span> <span class='ocrx_word' id='word_1_211' title='bbox 1166 2695 1250 2786; x_wconf 78' lang='grc' dir='ltr'><strong><em>αὕτη</em></strong></span> <span class='ocrx_word' id='word_1_212' title='bbox 1272 2731 1292 2786; x_wconf 90' lang='grc' dir='ltr'><strong><em>η</em></strong></span> <span class='ocrx_word' id='word_1_213' title='bbox 1314 2705 1470 2773; x_wconf 87' lang='grc' dir='ltr'><strong><em>πολιτεία</em></strong></span> <span class='ocrx_word' id='word_1_214' title='bbox 1496 2701 1542 2793; x_wconf 83' lang='grc' dir='ltr'><em>μὴ</em></span> 
     </span>
     <span class='ocr_line' id='line_1_24' title="bbox 358 2802 1545 2904; baseline -0.002 -25"><span class='ocrx_word' id='word_1_215' title='bbox 358 2836 437 2880; x_wconf 92' lang='grc' dir='ltr'><strong><em>ποτε</em></strong></span> <span class='ocrx_word' id='word_1_216' title='bbox 458 2804 619 2900; x_wconf 91' lang='grc' dir='ltr'><strong><em>πρότερον</em></strong></span> <span class='ocrx_word' id='word_1_217' title='bbox 641 2809 711 2903; x_wconf 79' lang='grc' dir='ltr'><strong><em>φυῇ</em></strong></span> <span class='ocrx_word' id='word_1_218' title='bbox 732 2833 767 2876; x_wconf 87' lang='grc' dir='ltr'><strong><em>τε</em></strong></span> <span class='ocrx_word' id='word_1_219' title='bbox 793 2802 838 2885; x_wconf 87' lang='grc' dir='ltr'><strong><em>εἰς</em></strong></span> <span class='ocrx_word' id='word_1_220' title='bbox 867 2803 905 2873; x_wconf 89' lang='grc' dir='ltr'><strong><em>τό</em></strong></span> <span class='ocrx_word' id='word_1_221' title='bbox 928 2802 1070 2874; x_wconf 89' lang='grc' dir='ltr'><strong><em>δυνατὸν</em></strong></span> <span class='ocrx_word' id='word_1_222' title='bbox 1100 2812 1155 2874; x_wconf 80' lang='grc' dir='ltr'><strong><em>καί</em></strong></span> <span class='ocrx_word' id='word_1_223' title='bbox 1178 2808 1249 2900; x_wconf 86' lang='grc' dir='ltr'><strong><em>φῶς</em></strong></span> <span class='ocrx_word' id='word_1_224' title='bbox 1278 2802 1372 2890; x_wconf 77' lang='grc' dir='ltr'><strong><em>ἡλίου</em></strong></span> <span class='ocrx_word' id='word_1_225' title='bbox 1401 2810 1477 2904; x_wconf 59' lang='lat' dir='ltr'><strong><em>iay,</em></strong></span> <span class='ocrx_word' id='word_1_226' title='bbox 1507 2805 1545 2891; x_wconf 78' lang='grc' dir='ltr'><strong><em>ἣν</em></strong></span> 
     </span>
     <span class='ocr_line' id='line_1_25' title="bbox 356 2907 1546 3007; baseline -0.005 -23"><span class='ocrx_word' id='word_1_227' title='bbox 356 2915 415 2984; x_wconf 81' lang='grc' dir='ltr'><strong><em>νῦν</em></strong></span> <span class='ocrx_word' id='word_1_228' title='bbox 437 2908 523 3007; x_wconf 79' lang='grc' dir='ltr'><strong><em>λόγῳ</em></strong></span> <span class='ocrx_word' id='word_1_229' title='bbox 546 2907 801 2997; x_wconf 79' lang='grc' dir='ltr'><strong><em>διεληλύθαμεν.</em></strong></span> <span class='ocrx_word' id='word_1_230' title='bbox 852 2910 950 2978; x_wconf 85' lang='lat' dir='ltr'><strong>cuim</strong></span> <span class='ocrx_word' id='word_1_231' title='bbox 970 2909 1056 2976; x_wconf 80' lang='lat' dir='ltr'><strong>effati</strong></span> <span class='ocrx_word' id='word_1_232' title='bbox 1087 2911 1329 2998; x_wconf 76' lang='lat' dir='ltr'><strong>sententiaque</strong></span> <span class='ocrx_word' id='word_1_233' title='bbox 1353 2911 1471 2978; x_wconf 86' lang='lat' dir='ltr'><strong>melius</strong></span> <span class='ocrx_word' id='word_1_234' title='bbox 1498 2916 1546 2978; x_wconf 86' lang='lat' dir='ltr'><strong><em>iu-</em></strong></span> 
     </span>
     <span class='ocr_line' id='line_1_26' title="bbox 357 3013 1545 3105; baseline -0.003 -19"><span class='ocrx_word' id='word_1_235' title='bbox 357 3019 534 3105; x_wconf 76' lang='lat' dir='ltr'><strong>telligatur,</strong></span> <span class='ocrx_word' id='word_1_236' title='bbox 565 3017 681 3084; x_wconf 80' lang='lat' dir='ltr'><strong>addere</strong></span> <span class='ocrx_word' id='word_1_237' title='bbox 709 3016 812 3100; x_wconf 85' lang='lat' dir='ltr'><strong>placet</strong></span> <span class='ocrx_word' id='word_1_238' title='bbox 837 3035 918 3101; x_wconf 85' lang='lat' dir='ltr'><strong>quae</strong></span> <span class='ocrx_word' id='word_1_239' title='bbox 944 3017 1025 3080; x_wconf 70' lang='lat' dir='ltr'><strong>sexti</strong></span> <span class='ocrx_word' id='word_1_240' title='bbox 1047 3013 1123 3082; x_wconf 84' lang='lat' dir='ltr'>libri</span> <span class='ocrx_word' id='word_1_241' title='bbox 1150 3016 1240 3082; x_wconf 78' lang='lat' dir='ltr'><strong>initio</strong></span> <span class='ocrx_word' id='word_1_242' title='bbox 1273 3019 1441 3102; x_wconf 77' lang='lat' dir='ltr'><strong>legunturz</strong></span> <span class='ocrx_word' id='word_1_243' title='bbox 1473 3020 1545 3083; x_wconf 86' lang='lat' dir='ltr'><strong><em>Non</em></strong></span> 
     </span>
     <span class='ocr_line' id='line_1_27' title="bbox 353 3119 1546 3206; baseline -0.004 -14"><span class='ocrx_word' id='word_1_244' title='bbox 353 3123 488 3192; x_wconf 83' lang='lat' dir='ltr'><strong>differre</strong></span> <span class='ocrx_word' id='word_1_245' title='bbox 513 3144 534 3188; x_wconf 91' lang='lat' dir='ltr'><strong>a</strong></span> <span class='ocrx_word' id='word_1_246' title='bbox 555 3121 657 3188; x_wconf 81' lang='lat' dir='ltr'><strong>caecis</strong></span> <span class='ocrx_word' id='word_1_247' title='bbox 686 3123 740 3206; x_wconf 89' lang='lat' dir='ltr'><strong><em>qui</em></strong></span> <span class='ocrx_word' id='word_1_248' title='bbox 761 3139 898 3186; x_wconf 89' lang='lat' dir='ltr'><strong>summas</strong></span> <span class='ocrx_word' id='word_1_249' title='bbox 920 3139 1026 3184; x_wconf 86' lang='lat' dir='ltr'><strong>rerum</strong></span> <span class='ocrx_word' id='word_1_250' title='bbox 1052 3123 1173 3206; x_wconf 81' lang='lat' dir='ltr'><strong>species</strong></span> <span class='ocrx_word' id='word_1_251' title='bbox 1197 3119 1218 3186; x_wconf 89' lang='lat' dir='ltr'><strong><em>i.</em></strong></span> <span class='ocrx_word' id='word_1_252' title='bbox 1241 3142 1270 3190; x_wconf 89' lang='grc' dir='ltr'><strong><em>ε.</em></strong></span> <span class='ocrx_word' id='word_1_253' title='bbox 1291 3119 1378 3186; x_wconf 86' lang='lat' dir='ltr'><strong>ideas</strong></span> <span class='ocrx_word' id='word_1_254' title='bbox 1392 3120 1546 3204; x_wconf 84' lang='lat' dir='ltr'><strong>ignoran-</strong></span> 
     </span>
     <span class='ocr_line' id='line_1_28' title="bbox 358 3222 1545 3311; baseline -0.004 -15"><span class='ocrx_word' id='word_1_255' title='bbox 358 3238 424 3307; x_wconf 83' lang='lat' dir='ltr'><strong>tes,</strong></span> <span class='ocrx_word' id='word_1_256' title='bbox 449 3229 489 3294; x_wconf 90' lang='lat' dir='ltr'><strong><em>ad</em></strong></span> <span class='ocrx_word' id='word_1_257' title='bbox 517 3226 569 3294; x_wconf 86' lang='lat' dir='ltr'><strong>illa</strong></span> <span class='ocrx_word' id='word_1_258' title='bbox 598 3224 809 3311; x_wconf 81' lang='lat' dir='ltr'><strong>exemplaria,</strong></span> <span class='ocrx_word' id='word_1_259' title='bbox 839 3231 987 3308; x_wconf 81' lang='lat' dir='ltr'><strong>tanquam</strong></span> <span class='ocrx_word' id='word_1_260' title='bbox 1016 3222 1173 3307; x_wconf 69' lang='lat' dir='ltr'><strong>pictores,</strong></span> <span class='ocrx_word' id='word_1_261' title='bbox 1202 3226 1237 3288; x_wconf 81' lang='lat' dir='ltr'><strong><em>se</em></strong></span> <span class='ocrx_word' id='word_1_262' title='bbox 1265 3232 1453 3291; x_wconf 79' lang='lat' dir='ltr'><strong>convertere</strong></span> <span class='ocrx_word' id='word_1_263' title='bbox 1480 3247 1545 3291; x_wconf 86' lang='lat' dir='ltr'><strong><em>non</em></strong></span> 
     </span>
     <span class='ocr_line' id='line_1_29' title="bbox 358 3325 1545 3426; baseline -0.005 -26"><span class='ocrx_word' id='word_1_264' title='bbox 358 3333 500 3426; x_wconf 79' lang='lat' dir='ltr'><strong>valeant,</strong></span> <span class='ocrx_word' id='word_1_265' title='bbox 523 3351 583 3396; x_wconf 86' lang='lat' dir='ltr'><strong><em>nee</em></strong></span> <span class='ocrx_word' id='word_1_266' title='bbox 604 3331 645 3396; x_wconf 90' lang='lat' dir='ltr'><strong><em>ad</em></strong></span> <span class='ocrx_word' id='word_1_267' title='bbox 667 3349 779 3394; x_wconf 85' lang='lat' dir='ltr'><strong>eorum</strong></span> <span class='ocrx_word' id='word_1_268' title='bbox 801 3347 946 3395; x_wconf 87' lang='lat' dir='ltr'><strong>normam</strong></span> <span class='ocrx_word' id='word_1_269' title='bbox 968 3327 1055 3413; x_wconf 77' lang='lat' dir='ltr'><strong>leges</strong></span> <span class='ocrx_word' id='word_1_270' title='bbox 1074 3325 1114 3394; x_wconf 88' lang='lat' dir='ltr'><strong><em>de</em></strong></span> <span class='ocrx_word' id='word_1_271' title='bbox 1138 3326 1293 3412; x_wconf 86' lang='lat' dir='ltr'><strong>pulchro,</strong></span> <span class='ocrx_word' id='word_1_272' title='bbox 1323 3328 1424 3406; x_wconf 85' lang='lat' dir='ltr'><strong>iusto,</strong></span> <span class='ocrx_word' id='word_1_273' title='bbox 1457 3331 1545 3395; x_wconf 88' lang='lat' dir='ltr'><strong>bono</strong></span> 
     </span>
     <span class='ocr_line' id='line_1_30' title="bbox 354 3430 1542 3515; baseline -0.008 -11"><span class='ocrx_word' id='word_1_274' title='bbox 354 3440 466 3515; x_wconf 69' lang='lat' dir='ltr'><strong>serre,</strong></span> <span class='ocrx_word' id='word_1_275' title='bbox 488 3437 516 3502; x_wconf 82' lang='lat' dir='ltr'><strong><em>si</em></strong></span> <span class='ocrx_word' id='word_1_276' title='bbox 536 3436 623 3502; x_wconf 82' lang='lat' dir='ltr'><strong>ferre</strong></span> <span class='ocrx_word' id='word_1_277' title='bbox 651 3453 780 3500; x_wconf 86' lang='lat' dir='ltr'><strong>neeesse</strong></span> <span class='ocrx_word' id='word_1_278' title='bbox 806 3431 867 3507; x_wconf 88' lang='lat' dir='ltr'><strong>sit,</strong></span> <span class='ocrx_word' id='word_1_279' title='bbox 891 3438 945 3496; x_wconf 81' lang='lat' dir='ltr'><strong><em>aut</em></strong></span> <span class='ocrx_word' id='word_1_280' title='bbox 967 3430 1046 3498; x_wconf 78' lang='lat' dir='ltr'><strong>latas</strong></span> <span class='ocrx_word' id='word_1_281' title='bbox 1072 3451 1271 3498; x_wconf 82' lang='lat' dir='ltr'><strong>conservare.</strong></span> <span class='ocrx_word' id='word_1_282' title='bbox 1324 3431 1371 3496; x_wconf 87' lang='lat' dir='ltr'><strong><em>cf.</em></strong></span> <span class='ocrx_word' id='word_1_283' title='bbox 1393 3430 1465 3498; x_wconf 91' lang='lat' dir='ltr'><strong>Pol.</strong></span> <span class='ocrx_word' id='word_1_284' title='bbox 1488 3431 1542 3497; x_wconf 89' lang='lat' dir='ltr'><strong>lib.</strong></span> 
     </span>
     <span class='ocr_line' id='line_1_31' title="bbox 357 3533 1544 3622; baseline -0.007 -13"><span class='ocrx_word' id='word_1_285' title='bbox 357 3544 412 3613; x_wconf 85' lang='lat' dir='ltr'><strong><em>VI.</em></strong></span> <span class='ocrx_word' id='word_1_286' title='bbox 461 3544 499 3608; x_wconf 85' lang='lat' dir='ltr'><strong><em>In</em></strong></span> <span class='ocrx_word' id='word_1_287' title='bbox 529 3541 662 3607; x_wconf 88' lang='lat' dir='ltr'><strong>eandem</strong></span> <span class='ocrx_word' id='word_1_288' title='bbox 694 3538 882 3604; x_wconf 84' lang='lat' dir='ltr'><strong>sententiam</strong></span> <span class='ocrx_word' id='word_1_289' title='bbox 913 3534 1049 3619; x_wconf 75' lang='lat' dir='ltr'><strong>scriptus</strong></span> <span class='ocrx_word' id='word_1_290' title='bbox 1081 3543 1128 3602; x_wconf 85' lang='lat' dir='ltr'><strong><em>est</em></strong></span> <span class='ocrx_word' id='word_1_291' title='bbox 1154 3536 1182 3600; x_wconf 87' lang='lat' dir='ltr'><strong><em>is</em></strong></span> <span class='ocrx_word' id='word_1_292' title='bbox 1206 3533 1312 3612; x_wconf 85' lang='lat' dir='ltr'><strong>loeus,</strong></span> <span class='ocrx_word' id='word_1_293' title='bbox 1343 3555 1407 3622; x_wconf 84' lang='lat' dir='ltr'><strong><em>quo</em></strong></span> <span class='ocrx_word' id='word_1_294' title='bbox 1437 3538 1544 3621; x_wconf 87' lang='lat' dir='ltr'><strong>philo-</strong></span> 
     </span>
     <span class='ocr_line' id='line_1_32' title="bbox 355 3639 1545 3731; baseline -0.007 -17"><span class='ocrx_word' id='word_1_295' title='bbox 355 3650 478 3731; x_wconf 77' lang='lat' dir='ltr'><strong>eophoe</strong></span> <span class='ocrx_word' id='word_1_296' title='bbox 499 3643 738 3712; x_wconf 82' lang='lat' dir='ltr'><strong>convenientem</strong></span> <span class='ocrx_word' id='word_1_297' title='bbox 759 3641 820 3707; x_wconf 88' lang='lat' dir='ltr'><strong>sibi</strong></span> <span class='ocrx_word' id='word_1_298' title='bbox 841 3640 1071 3722; x_wconf 80' lang='lat' dir='ltr'><strong>rempublicam</strong></span> <span class='ocrx_word' id='word_1_299' title='bbox 1092 3646 1201 3705; x_wconf 82' lang='lat' dir='ltr'><strong>nactos</strong></span> <span class='ocrx_word' id='word_1_300' title='bbox 1230 3641 1335 3706; x_wconf 89' lang='lat' dir='ltr'><strong>omnia</strong></span> <span class='ocrx_word' id='word_1_301' title='bbox 1362 3646 1394 3704; x_wconf 88' lang='lat' dir='ltr'><strong><em>et</em></strong></span> <span class='ocrx_word' id='word_1_302' title='bbox 1417 3639 1545 3722; x_wconf 80' lang='lat' dir='ltr'><strong>privata</strong></span> 
     </span>
     <span class='ocr_line' id='line_1_33' title="bbox 355 3737 1543 3837; baseline -0.007 -19"><span class='ocrx_word' id='word_1_303' title='bbox 355 3758 394 3817; x_wconf 73' lang='lat' dir='ltr'><strong><em>at</em></strong></span> <span class='ocrx_word' id='word_1_304' title='bbox 416 3748 545 3837; x_wconf 87' lang='lat' dir='ltr'><strong>publiea</strong></span> <span class='ocrx_word' id='word_1_305' title='bbox 567 3765 695 3814; x_wconf 81' lang='lat' dir='ltr'><strong>servare</strong></span> <span class='ocrx_word' id='word_1_306' title='bbox 719 3745 804 3811; x_wconf 89' lang='lat' dir='ltr'><strong>dicit.</strong></span> <span class='ocrx_word' id='word_1_307' title='bbox 849 3744 894 3810; x_wconf 85' lang='lat' dir='ltr'><strong><em>Cf.</em></strong></span> <span class='ocrx_word' id='word_1_308' title='bbox 920 3742 975 3808; x_wconf 87' lang='lat' dir='ltr'><strong>lib.</strong></span> <span class='ocrx_word' id='word_1_309' title='bbox 995 3744 1048 3807; x_wconf 84' lang='lat' dir='ltr'><strong><em>VI.</em></strong></span> <span class='ocrx_word' id='word_1_310' title='bbox 1071 3762 1101 3829; x_wconf 86' lang='lat' dir='ltr'><strong><em>p.</em></strong></span> <span class='ocrx_word' id='word_1_311' title='bbox 1124 3745 1197 3808; x_wconf 75' lang='grc'><strong>497.</strong></span> <span class='ocrx_word' id='word_1_312' title='bbox 1218 3744 1260 3810; x_wconf 90' lang='lat' dir='ltr'><strong><em>in.</em></strong></span> <span class='ocrx_word' id='word_1_313' title='bbox 1283 3747 1329 3810; x_wconf 87' lang='lat' dir='ltr'><strong><em>St.</em></strong></span> <span class='ocrx_word' id='word_1_314' title='bbox 1348 3737 1458 3810; x_wconf 81' lang='grc' dir='ltr'><strong><em>Ἀλλά</em></strong></span> <span class='ocrx_word' id='word_1_315' title='bbox 1480 3769 1543 3822; x_wconf 90' lang='grc' dir='ltr'><strong><em>τοι,</em></strong></span> 
     </span>
     <span class='ocr_line' id='line_1_34' title="bbox 357 3841 1545 3938; baseline -0.005 -18"><span class='ocrx_word' id='word_1_316' title='bbox 357 3841 379 3938; x_wconf 79' lang='grc' dir='ltr'><em>ἦ</em></span> <span class='ocrx_word' id='word_1_317' title='bbox 403 3848 435 3920; x_wconf 75' lang='grc' dir='ltr'><strong><em>δ’</em></strong></span> <span class='ocrx_word' id='word_1_318' title='bbox 461 3845 512 3934; x_wconf 60' lang='lat' dir='ltr'><strong><em>de,</em></strong></span> <span class='ocrx_word' id='word_1_319' title='bbox 534 3847 572 3920; x_wconf 80' lang='grc' dir='ltr'><strong><em>οὐ</em></strong></span> <span class='ocrx_word' id='word_1_320' title='bbox 596 3846 638 3919; x_wconf 84' lang='grc' dir='ltr'><strong><em>τά</em></strong></span> <span class='ocrx_word' id='word_1_321' title='bbox 660 3844 796 3938; x_wconf 81' lang='grc' dir='ltr'><strong><em>ἐλάχιςα</em></strong></span> <span class='ocrx_word' id='word_1_322' title='bbox 816 3843 857 3914; x_wconf 84' lang='grc' dir='ltr'><strong><em>ἀν</em></strong></span> <span class='ocrx_word' id='word_1_323' title='bbox 880 3841 1142 3938; x_wconf 79' lang='grc' dir='ltr'><strong><em>διαπραξάμενος</em></strong></span> <span class='ocrx_word' id='word_1_324' title='bbox 1163 3841 1424 3913; x_wconf 81' lang='grc' dir='ltr'><strong><em>ἀπαλλάττοιτο.</em></strong></span> <span class='ocrx_word' id='word_1_325' title='bbox 1462 3841 1545 3914; x_wconf 82' lang='grc' dir='ltr'><strong><em>Οὐδέ</em></strong></span> 
     </span>
     <span class='ocr_line' id='line_1_35' title="bbox 359 3945 1542 4048; baseline -0.008 -22"><span class='ocrx_word' id='word_1_326' title='bbox 359 3985 407 4048; x_wconf 89' lang='grc' dir='ltr'><strong><em>γε,</em></strong></span> <span class='ocrx_word' id='word_1_327' title='bbox 430 3945 536 4036; x_wconf 87' lang='grc' dir='ltr'><strong><em>εἷπον,</em></strong></span> <span class='ocrx_word' id='word_1_328' title='bbox 558 3951 601 4023; x_wconf 85' lang='grc' dir='ltr'><strong><em>τά</em></strong></span> <span class='ocrx_word' id='word_1_329' title='bbox 613 3958 732 4041; x_wconf 88' lang='grc' dir='ltr'><strong><em>μέγιςα</em></strong></span> <span class='ocrx_word' id='word_1_330' title='bbox 743 4003 752 4034; x_wconf 92' lang='grc'><strong><em>,</em></strong></span> <span class='ocrx_word' id='word_1_331' title='bbox 772 3948 818 4038; x_wconf 82' lang='grc' dir='ltr'><strong><em>μὴ</em></strong></span> <span class='ocrx_word' id='word_1_332' title='bbox 848 3946 952 4038; x_wconf 85' lang='grc' dir='ltr'><strong><em>τυχῶν</em></strong></span> <span class='ocrx_word' id='word_1_333' title='bbox 973 3953 1139 4030; x_wconf 88' lang='grc' dir='ltr'><strong><em>πολιτείας</em></strong></span> <span class='ocrx_word' id='word_1_334' title='bbox 1157 3945 1395 4042; x_wconf 78' lang='grc' dir='ltr'><strong><em>προσηκούσης·</em></strong></span> <span class='ocrx_word' id='word_1_335' title='bbox 1420 3950 1454 4016; x_wconf 82' lang='grc' dir='ltr'><strong><em>ἐν</em></strong></span> <span class='ocrx_word' id='word_1_336' title='bbox 1478 3947 1542 4040; x_wconf 82' lang='grc' dir='ltr'><strong><em>γάρ</em></strong></span> 
     </span>
     <span class='ocr_line' id='line_1_36' title="bbox 360 4047 1543 4154; baseline -0.01 -22"><span class='ocrx_word' id='word_1_337' title='bbox 360 4055 573 4154; x_wconf 81' lang='grc' dir='ltr'><strong><em>προσηκοόση</em></strong></span> <span class='ocrx_word' id='word_1_338' title='bbox 595 4052 696 4138; x_wconf 86' lang='grc' dir='ltr'><strong><em>αὐτός</em></strong></span> <span class='ocrx_word' id='word_1_339' title='bbox 723 4081 756 4138; x_wconf 85' lang='grc' dir='ltr'><strong><em>τε</em></strong></span> <span class='ocrx_word' id='word_1_340' title='bbox 778 4056 905 4145; x_wconf 82' lang='grc' dir='ltr'><strong><em>μάλλον</em></strong></span> <span class='ocrx_word' id='word_1_341' title='bbox 927 4047 1105 4136; x_wconf 75' lang='grc' dir='ltr'><strong><em>αὐξήσεται</em></strong></span> <span class='ocrx_word' id='word_1_342' title='bbox 1121 4059 1176 4122; x_wconf 80' lang='grc' dir='ltr'><strong><em>καὶ</em></strong></span> <span class='ocrx_word' id='word_1_343' title='bbox 1198 4055 1282 4141; x_wconf 83' lang='grc' dir='ltr'><strong><em>μετὰ</em></strong></span> <span class='ocrx_word' id='word_1_344' title='bbox 1305 4054 1367 4122; x_wconf 91' lang='grc' dir='ltr'><strong><em>τῶν</em></strong></span> <span class='ocrx_word' id='word_1_345' title='bbox 1388 4048 1480 4120; x_wconf 86' lang='grc' dir='ltr'><strong><em>ἰδίων</em></strong></span> <span class='ocrx_word' id='word_1_346' title='bbox 1501 4050 1543 4120; x_wconf 81' lang='grc' dir='ltr'><strong><em>τὰ</em></strong></span> 
     </span>
     <span class='ocr_line' id='line_1_37' title="bbox 364 4158 590 4237; baseline -0.031 0"><span class='ocrx_word' id='word_1_347' title='bbox 364 4162 460 4237; x_wconf 85' lang='grc' dir='ltr'><strong><em>κοινά</em></strong></span> <span class='ocrx_word' id='word_1_348' title='bbox 482 4158 590 4232; x_wconf 87' lang='grc' dir='ltr'><strong><em>οῶσει.</em></strong></span> 
     </span>
    </p>

    <p class='ocr_par' dir='ltr' id='par_1_5' title="bbox 447 4261 1542 4348">
     <span class='ocr_line' id='line_1_38' title="bbox 447 4261 1542 4348; baseline -0.008 -9"><span class='ocrx_word' id='word_1_349' title='bbox 447 4272 541 4340; x_wconf 81' lang='lat' dir='ltr'><strong>Haud</strong></span> <span class='ocrx_word' id='word_1_350' title='bbox 566 4264 700 4338; x_wconf 74' lang='lat' dir='ltr'><strong>minoris</strong></span> <span class='ocrx_word' id='word_1_351' title='bbox 731 4261 883 4333; x_wconf 83' lang='lat' dir='ltr'><strong>momenti</strong></span> <span class='ocrx_word' id='word_1_352' title='bbox 909 4264 1035 4335; x_wconf 80' lang='lat' dir='ltr'><strong>videtur</strong></span> <span class='ocrx_word' id='word_1_353' title='bbox 1064 4261 1188 4332; x_wconf 80' lang='lat' dir='ltr'><strong>easeia</strong></span> <span class='ocrx_word' id='word_1_354' title='bbox 1217 4261 1324 4340; x_wconf 73' lang='lat' dir='ltr'><strong>locui,</strong></span> <span class='ocrx_word' id='word_1_355' title='bbox 1353 4281 1418 4348; x_wconf 83' lang='lat' dir='ltr'><strong><em>quo</em></strong></span> <span class='ocrx_word' id='word_1_356' title='bbox 1452 4262 1542 4330; x_wconf 86' lang='lat' dir='ltr'><strong>Plato</strong></span> 
     </span>
    </p>
   </div>
   <div class='ocr_carea' id='block_1_4' title="bbox 0 0 1659 5232">
    <p class='ocr_par' dir='ltr' id='par_1_6' title="bbox 0 0 1659 5232">
     <span class='ocr_line' id='line_1_39' title="bbox 0 0 1659 5232; baseline 0 0"><span class='ocrx_word' id='word_1_357' title='bbox 0 0 1659 5232; x_wconf 95' lang='lat' dir='ltr'><strong><em> </em></strong></span> 
     </span>
    </p>
   </div>
  </div>
 </body>
</html>
