3344 5234
885 379 1095 442 ...32-

398 553 466 605 non·
480 547 543 600 csse
558 534 680 617 [aaran
700 535 750 600 sed
764 540 1017 610 contecernentis,
1038 547 1073 602 ut
1086 539 1332 608 miltioiderutur.
1366 540 1468 619 pan
1486 543 1576 624 iqitur

399 659 456 704 nos
475 656 537 707 nan
557 639 653 702 simus
671 639 783 714 oaldi,
805 641 902 707 uideri
922 643 1014 722 mibi,
1037 644 1178 724 inquiam
1207 647 1408 726 quaestionem
1429 649 1475 708 ito
1494 649 1576 709 insti·

399 744 540 810 tuendam
560 763 631 817 esse,
653 745 899 826 quemadmodum
918 765 980 807 non
1001 747 1161 810 acerrimis
1180 748 1277 810 omsds
1290 749 1439 829 praediti,
1463 750 1491 811 si
1509 767 1577 829 par·

399 869 454 913 oar
482 849 628 913 litoroso
655 849 816 929 lonqinquo
843 850 938 930 tepere
965 849 1153 924 iuberentur,
1181 852 1447 916 animadvertentes
1468 853 1577 914 eosdm

398 954 505 1018 literas
534 955 625 1016 etiarn
652 953 726 1016 abbi
747 953 878 1016 maiores
898 952 932 1016 in
954 953 1067 1016 maiori
1088 955 1218 1037 scriptus
1239 964 1356 1017 emtore.
1401 957 1485 1018 Satis
1504 957 1578 1018 enim
1600 967 1603 972 '

400 1065 565 1139 appuimus
586 1057 620 1120 id
639 1057 772 1120 academ
793 1056 1032 1128 artures-mear,
1056 1064 1083 1118 et
1101 1058 1327 1137 primum·ittas
1347 1059 1489 1140 tepentes,
1513 1076 1578 1120 oon

400 1162 569 1228 siderorcnt
589 1160 730 1233 minores,
751 1167 858 1222 utrum
877 1160 994 1222 eaodem
1014 1169 1132 1222 erman·
1167 1162 1284 1242 Optime
1296 1179 1377 1234 ocra,
1399 1163 1500 1243 inquit
1511 1162 1580 1224 Adi·

402 1273 538 1336 mantus:
560 1266 611 1328 sed
631 1265 705 1346 quid
724 1263 877 1335 ammom,
899 1264 1083 1337 aSocratss,
1103 1265 1139 1326 in
1152 1265 1321 1345 quaestimse
1334 1266 1369 1327 de
1382 1266 1503 1328 iustitio
1516 1267 1580 1328 uni·

400 1370 588 1455 madoertisi·
605 1369 715 1430 Dicam
733 1355 800 1438 tibi,
824 1368 958 1447 inquom.
1004 1367 1142 1439 Iustitia,
1164 1369 1307 1442 dminus,
1329 1375 1373 1431 cst
1392 1369 1486 1430 unitos
1504 1369 1578 1440 oiri,

401 1483 445 1540 cst
471 1475 563 1539 etiam
589 1471 682 1538 totino
711 1471 868 1534 civitatis?
896 1469 1040 1546 Omnino,
1071 1471 1180 1552 inquit.
1223 1473 1324 1553 Iqitur
1351 1473 1453 1536 maius
1479 1472 1580 1535 ciuitas

401 1597 462 1642 tuta
483 1579 572 1640 uiro?
593 1575 704 1645 muas,
726 1575 834 1655 inquit.
876 1574 1018 1636 Fortasse
1044 1575 1142 1654 ipitur
1163 1575 1235 1656 plus
1263 1577 1398 1638 iustitiae
1418 1577 1454 1638 in
1474 1563 1582 1638 maiori

402 1683 480 1745 inest
500 1679 671 1760 attentior
691 1677 821 1758 capnitu.
865 1677 901 1740 Si
928 1677 1024 1758 iqitur
1046 1679 1164 1759 placet,
1188 1681 1326 1760 primum
1353 1679 1387 1742 in
1416 1679 1582 1742 uuinton

401 1801 584 1868 quaeramus
611 1782 697 1864 quale
723 1783 777 1854 sit,
808 1790 874 1848 tum
898 1781 944 1842 ita
965 1782 1057 1844 ctiam
1077 1783 1295 1846 considerarim
1315 1783 1349 1845 iu
1370 1784 1501 1864 sinqttlt's
1521 1783 1583 1865 qui·

402 1889 520 1970 traque,
542 1886 671 1948 mucra
691 1885 918 1948 similitudinem
938 1885 972 1950 in
993 1887 1123 1948 minoris
1143 1888 1237 1967 specie
1258 1887 1491 1950 considerantes.
1540 1888 1584 1948 Vi·

403 1992 485 2056 derir
505 1991 591 2061 mibi,
614 1990 721 2069 inquit,
743 1987 938 2050 benedicere.
977 1989 1082 2052 Nonne
1095 1991 1200 2070 iqitur,
1222 1991 1355 2072 inquam,
1378 1993 1407 2067 si
1420 1999 1583 2054 noscentem

405 2095 555 2158 ciuitatem
576 2091 834 2155 consideraremus
855 2091 1008 2163 oratione,
1040 2094 1130 2154 etiam
1158 2095 1307 2156 iustitiam
1336 2096 1402 2157 mus
1422 2095 1584 2157 uideremus

404 2206 571 2262 nascentem
592 2205 622 2259 et
640 2196 845 2258 iniustitiam?
866 2195 1015 2262 Fortasse.
1037 2197 1145 2280 inquit.
1167 2199 1268 2278 lqitur
1288 2199 1343 2261 bos
1361 2200 1446 2280 facto
1460 2218 1527 2281 spes
1546 2205 1583 2259 est

399 2302 524 2384 facilius
543 2300 739 2362 nesciamus
760 2299 838 2378 quod
858 2300 1042 2380 quaerimus.
1086 2301 1192 2367 Multo.
1218 2301 1390 2364 ·l'ideturne
1411 2304 1510 2384 iqitur
1530 2323 1585 2366 co-

404 2406 538 2469 nandum
559 2423 620 2466 esse
641 2404 673 2464 id
687 2403 823 2484 efficere?
857 2403 931 2464 Puto
953 2403 1032 2465 enim
1052 2422 1113 2466 non
1131 2423 1263 2485 parvum
1284 2406 1317 2467 id
1337 2408 1491 2488 neqotium
1509 2409 1582 2489 sore.

406 2510 598 2574 Considerate
618 2507 725 2588 iqitur.
763 2505 1031 2579 Considcraoimus,
1054 2508 1152 2590 inquit
1172 2507 1362 2582 Adimantus,
1384 2510 1437 2573 sed
1449 2529 1487 2574 ne
1501 2513 1586 2574 aliter

401 2614 544 2695 sectas.»

490 2713 673 2780 Tenendum
695 2719 742 2778 est
764 2722 834 2778 anto
857 2712 982 2800 omnies
1003 2713 1165 2786 Iustitiam,
1188 2735 1270 2800 quae
1293 2714 1333 2781 sit
1353 2722 1454 2786 animi
1477 2719 1584 2793 virtus,

408 2828 439 2886 et
467 2837 561 2901 posse
591 2825 623 2882 et
650 2816 766 2882 debere
792 2817 927 2883 inveniri
958 2815 989 2882 in
1012 2817 1135 2891 animo,
1166 2841 1229 2884 non
1250 2819 1282 2884 iu
1304 2817 1497 2902 Republica,
1534 2831 1588 2879 nec

407 2943 488 3007 opus
510 2941 579 2987 esse
601 2920 641 2990 ad
663 2941 732 2986 eam
754 2920 976 2987 inveniendam
992 2920 1172 2987 describere
1186 2921 1439 3005 Rcmpublicam,
1463 2918 1593 2986 falsum-¹

408 3047 470 3112 que
493 3047 562 3091 esse
585 3024 712 3090 omnino
734 3032 881 3109 tanquam
903 3025 1077 3117 maioribus
1105 3025 1202 3108 signis
1223 3045 1408 3109 expressam
1424 3023 1530 3090 videri
1545 3021 1589 3085 iu·

408 3130 523 3198 otiliam
545 3128 793 3212 iullepublica,
811 3146 905 3212 quam
926 3128 959 3192 in
981 3123 1103 3206 animo,
1134 3149 1231 3213 quum
1253 3133 1286 3194 in
1308 3129 1486 3212 Republica
1508 3125 1589 3192 nulla

410 3233 538 3300 omniuo
565 3232 759 3316 reperiatur,
793 3232 854 3296 nisi
883 3231 1023 3298 derivata
1052 3253 1092 3297 ex
1120 3232 1234 3298 animo.
1279 3237 1358 3298 Nam
1387 3231 1590 3316 quaestiones

410 3357 498 3406 mere
519 3336 677 3421 politicae,
700 3340 739 3410 de
762 3333 923 3400 civitatum
946 3334 1083 3421 origine,
1109 3340 1151 3401 de
1170 3337 1302 3401 diversis
1324 3335 1492 3400 hominum
1516 3334 1591 3398 olas·

409 3441 497 3510 sibus
519 3461 600 3524 quae
622 3438 758 3521 primam
780 3437 938 3503 civitatem
960 3438 1158 3512 constituant,
1181 3439 1220 3504 de
1242 3437 1420 3523 opificibus,
1446 3443 1488 3504 de
1511 3435 1592 3523 agri·

411 3545 498 3619 colia
522 3548 561 3608 dc
583 3541 826 3616 mercatoribus,
850 3541 889 3606 de
910 3540 1078 3617 militibus,
1102 3547 1142 3608 de
1163 3543 1296 3615 militum
1320 3541 1514 3608 educatione
1537 3560 1592 3624 per

412 3647 637 3733 gymnasticum
661 3655 692 3710 et
714 3645 864 3710 musicam
886 3655 1003 3721 artem,
1034 3635 1076 3710 de
1095 3646 1241 3720 medicis,
1273 3650 1311 3710 de
1341 3645 1535 3712 mulieribus
1564 3652 1593 3708 et

412 3749 599 3826 infantibus,
632 3749 671 3814 de
693 3748 942 3834 magistratibus,
972 3753 1012 3814 de
1034 3751 1193 3816 civitatum
1216 3748 1385 3834 generibus
1407 3758 1442 3814 et
1464 3769 1593 3834 permu-

411 3851 599 3929 tationibus,
629 3851 705 3937 quid
732 3855 877 3918 conterre
904 3863 1035 3937 possunt
1062 3853 1103 3918 ad
1127 3853 1275 3920 iustitiam
1297 3863 1351 3920 aut
1370 3854 1592 3919 illustrandam

412 3965 466 4024 aut
487 3960 730 4022 inveniendam?
763 3960 849 4022 Haec
871 3968 974 4024 autem
997 3968 1068 4023 sunt
1090 3961 1122 4022 iu
1145 3957 1266 4042 quibus·
1282 3957 1436 4033 Socratis,
1468 3959 1525 4044 qui
1547 3979 1594 4024 se·

413 4060 530 4146 quitur,
554 4063 594 4129 de
608 4060 734 4126 civitate
748 4081 852 4126 sermo
868 4072 1022 4132 versatur.
1058 4065 1094 4128 In
1109 4066 1219 4127 eadem
1235 4061 1390 4127 sententia
1402 4061 1467 4126 fuit
1482 4062 1594 4128 'liede-

411 4184 561 4230 mannus:
589 4167 697 4230 «Haec
720 4164 761 4242 si,
784 4174 880 4249 prout
900 4165 1008 4232 verbis
1030 4173 1100 4232 eunt
1121 4165 1279 4250 exposita,
1303 4161 1517 4249 accipiamus,
1545 4176 1594 4233 to·

411 4277 475 4336 tam
508 4269 549 4334 do
580 4269 742 4353 republica
763 4269 1035 4354 'disputationem'
1048 4270 1194 4342 ,iustitiae
1226 4277 1347 4337 mutum
1379 4268 1593 4340 declarandae
