3312 5238
867 401 1079 468 ...72-

388 574 474 642 e'nim
504 568 695 638 discriminis
724 568 856 637 interest
880 575 964 638 inter
991 573 1149 641 civitatem
1178 574 1305 645 avitiis
1326 585 1506 666 purgatam,
1535 589 1566 647 et

387 678 471 747 vitiis
493 695 625 742 vacuam
645 695 673 738 s.
696 671 834 740 bonam?
865 677 1015 742 Ceterum
1029 678 1188 746 simulatio
1207 682 1345 748 Socratis
1360 682 1392 750 in
1406 682 1456 750 bis
1472 684 1565 752 facile

385 779 583 864 intelligitur.
629 781 707 843 Nam
737 777 808 861 quis
834 776 982 846 fefellisse
1009 783 1117 867 ipsam
1134 787 1272 868 putabit,
1306 786 1391 873 quod
1412 796 1563 874 purgaret

386 885 554 957 civitatem.
577 885 672 968 quam
692 882 779 946 unedo
792 883 827 946 in
841 880 998 948 luxuriam
1013 884 1192 971 prolapsam
1207 887 1344 954 dixerit?
1373 891 1471 968 Quasi
1484 911 1563 958 vcro

386 1009 453 1056 nou
474 986 578 1053 statim
600 982 639 1050 ab
660 984 767 1059 initio,
796 987 858 1052 boo
882 993 930 1050 est
950 1005 1021 1072 ap
1044 989 1118 1055 est.
1139 988 1193 1055 lib.
1216 993 1254 1056 11.
1276 1013 1341 1078 qno
1363 992 1481 1059 loco'
1456 1015 1565 1079 aragu-

385 1094 485 1160 larcm
513 1089 648 1156 militum
671 1085 817 1154 ordinem
846 1087 956 1156 adesse
984 1089 1102 1158 debere
1131 1092 1238 1172 docet,
1270 1095 1425 1213 ciuitatem
1446 1117 1566 1185 pnrga-

384 1196 488 1264 veriti

397 1327 401 1336 ·
472 1303 553 1364 Τιιιιι
574 1295 614 1362 de
635 1299 773 1386 rhythmi
795 1317 926 1381 genere
933 1296 1118 1385 loquitur,
1108 1321 1142 1366 ιιι
1162 1302 1213 1367 bis
1234 1319 1363 1388 quoque
1378 1305 1486 1371 omnia
1501 1304 1566 1372 vir·

391 1406 457 1472 tuti
474 1398 723 1470 accommodans.
768 1398 812 1467 cf.
834 1421 866 1486 p.
889 1403 960 1477 309,
982 1405 1019 1468 Ε.
1034 1396 1076 1452 -’-
1091 1404 1165 1469 001.
1211 1408 1293 1472 Νιιιιι
1314 1427 1393 1473 vero
1413 1406 1568 1474 credibile

387 1507 490 1576 rideri
511 1512 631 1590 potest.
654 1512 727 1569 enm
747 1507 867 1580 virum,
880 1529 881 1536 ¹
894 1501 949 1590 qai
970 1509 1151 1591 rhythmum
1173 1516 1206 1572 et
1223 1511 1422 1576 harmoniam
1445 1511 1566 1578 oratio-

387 1633 461 1679 nem
489 1609 579 1696 sequi
609 1606 723 1674 debere
751 1607 826 1675 dicit
854 1628 957 1694 neque
978 1617 1104 1686 contra,
1138 1610 1263 1678 dicendi
1284 1632 1383 1698 genus
1405 1614 1510 1700 ipsum
1534 1623 1565 1680 et

387 1715 564 1784 orationem
586 1715 704 1778 bonam
725 1711 821 1776 animi
834 1712 972 1779 indolem
993 1749 1036 1764 -
1058 1733 1171 1780 eumue
1185 1715 1281 1800 igitur
1295 1715 1446 1782 credibile
1460 1716 1564 1783 rideri

391 1825 496 1908 potest
516 1816 667 1901 indagare
687 1815 825 1882 voluisse
846 1815 996 1882 virtutem
1019 1839 1045 1881 s.
1069 1816 1230 1894 iustitiam,
1253 1817 1285 1884 b.
1305 1840 1338 1884 e.
1362 1817 1477 1886 bonam
1496 1821 1563 1886 aui·

390 1923 435 1990 mi
455 1922 605 1995 indolem,
628 1939 708 1993 non.
731 1917 785 1984 ubi
808 1935 877 1984 eam
899 1920 1009 2004 quaeri
1030 1938 1159 1987 necesse
1182 1929 1240 1998 est.
1261 1922 1296 1988 iu
1315 1923 1431 1996 animo,
1454 1922 1566 1990 sedin
1592 1915 1602 1924 '⁴

391 2026 535 2101 civitate,
570 2022 631 2088 ubi‘
654 2021 824 2106 imaginem
852 2021 978 2108 quidem
1007 2023 1079 2089 inde
1107 2025 1279 2091 derivatam
1306 2026 1448 2111 reperiri
1469 2047 1566 2116 posse

391 2125 634 2201 concedimus,
624 2145 725 2212 ipsam
746 2144 823 2191 vcro
845 2131 1026 2210 nunqnam?
1059 2131 1125 2194 Nec
1145 2128 1237 2194 aliter
1257 2130 1383 2196 sensit
1374 2149 1442 2216 ipss
1464 2133 1564 2206 Plato.

388 2233 445 2328 qui
467 2231 671 2297 haecomnia
696 2235 864 2315 praecepta
883 2249 927 2294 ειι-
947 2229 1065 2296 iustitia
1085 2237 1243 2356 tunquam·
1240 2232 1342 2300 fonte
1364 2233 1564 2303 derivaverit.

386 2329 459 2428 Ap
485 2322 543 2402 οὖν
565 2329 611 2400 οὗ
625 2331 796 2420 πανταχοῦ
815 2333 920 2398 ταῦτα
943 2335 1081 2400 διωκτέα
1101 2339 1171 2413 τοῖς
1195 2338 1290 2418 νέοις,
1314 2362 1348 2404 ει
1343 2333 1568 2424 μέλλουσι

390 2466 435 2510 ιο
458 2459 830 2528 αιιιωνιιραττειι
857 2439 1002 2503 Διωκιια
1023 2444 1083 2524 μὲν
1105 2463 1177 2506 ουν
1202 2441 1248 2506 Cf.
1270 2461 1302 2526 p.
1318 2444 1396 2506 000.
1418 2443 1453 2506 Ε.
1488 2445 1567 2507 Nam

392 2543 430 2612 τὸ
456 2539 564 2610 αὐτῶν
586 2536 740 2630 πράττειν
766 2548 798 2604 ct
817 2542 931 2605 ιάειιαα
953 2561 1014 2606 esse
1036 2541 1119 2629 apud
1147 2541 1344 2609 Platonem
1333 2565 1365 2612 ιιι
1394 2545 1567 2630 Republica

392 2669 458 2717 uon
480 2637 661 2722 differre,
651 2665 713 2710 ram
728 2643 894 2730 aliquoties
912 2643 1165 2728 significavimus.
1188 2683 1230 2696 -
1250 2651 1407 2731 Deinceps
1428 2647 1568 2731 postulet

393 2757 539 2822 Socrates
559 2758 596 2816 nt
616 2769 680 2814 non
699 2755 813 2835 poetae
834 2747 945 2822 solum,
968 2746 1022 2813 'sed
1036 2748 1156 2835 reliqui
1170 2767 1280 2816 omnes
1294 2749 1429 2816 artifices
1442 2751 1476 2816 in
1491 2771 1568 2838 ope-

390 2855 479 2924 ribus
507 2854 572 2922 suis
604 2851 730 2918 honesti
752 2852 889 2939 speciem
917 2847 976 2932 τὴν
1003 2853 1063 2918 τοῦ
1090 2847 1229 2936 ἀγαθοῦ
1252 2849 1362 2920 εἰκόνα
1378 2850 1496 2936 Ιἤθους
1518 2875 1567 2920 se·

390 2966 514 3026 cientur
540 2964 633 3045 atque
662 2955 856 3040 exprimant.
887 2954 1036 3039 quoniam
1064 2975 1212 3040 magnum
1238 2961 1392 3023 iuventuti
1415 2961 1564 3024 damnum

391 3062 513 3130 allaturi
535 3061 605 3138 siut,
628 3059 655 3126 si
676 3063 709 3125 id
730 3079 795 3123 non
815 3057 950 3132 ualeant,
973 3065 1081 3124 contra
1101 3079 1246 3144 magnam
1264 3062 1440 3138 utilitatem.
1463 3062 1492 3128 si
1515 3083 1567 3129 va·
1647 3111 1648 3136 1

386 3170 473 3233 leant
494 3159 705 3254 [praeoccupabat
727 3163 786 3228 τοῦ
808 3163 911 3228 καλοῦ
933 3166 988 3227 καὶ
1008 3157 1118 3250 εὗσχὴι
1118 3187 1206 3241 coron
1224 3158 1335 3255 φύσιν.
1377 3166 1425 3229 Cf.
1441 3185 1474 3252 p.
1490 3167 1563 3242 dol.
1647 3151 1648 3176 ¹

390 3274 492 3341 A...
514 3273 552 3334 Ι).
595 3272 676 3334 Tam
704 3271 784 3332 hauc
811 3265 943 3331 candem
971 3284 1096 3331 causam
1118 3281 1188 3332 esso
1210 3276 1335 3344 monet,
1367 3287 1424 3334 cur
1444 3267 1566 3335 musica

389 3373 561 3462 praecipue
583 3379 650 3470 arte
672 3369 800 3436 erudire
822 3369 959 3435 voluerit
981 3389 1110 3456 pueros
1146 3374 1225 3435 Nam
1246 3371 1300 3458 qui
1322 3375 1381 3436 bac
1399 3379 1466 3436 arte
1481 3380 1567 3438 recte

390 3476 503 3543 imbuti
525 3479 595 3551 siut,
619 3495 675 3540 eos
696 3477 842 3560 amplecti
864 3476 973 3568 pulcra
994 3473 1127 3561 fierique
1148 3471 1264 3552 bonos,
1288 3475 1426 3540 aversari
1448 3476 1564 3562 turpia,
1647 3487 1648 3502 ¹

309 3585 315 3601 '
393 3591 487 3667 atque
509 3584 552 3645 ita
573 3580 635 3646 iam
657 3599 674 3642 a
696 3582 799 3665 prima
819 3577 992 3644 iuventute
1004 3575 1044 3643 ad
1057 3577 1299 3644 familiaritatem
1314 3587 1418 3645 rectae
1432 3578 1567 3646 rationis

390 3683 514 3752 adduci.

475 3785 596 3852 Ibidem
619 3807 712 3851 omne
727 3786 872 3851 musicae
894 3785 1030 3853 studium
1054 3805 1094 3852 eo
1114 3785 1274 3872 pertinere
1296 3790 1404 3860 docet.
1432 3785 1567 3871 utquid

390 3911 469 3957 vere
495 3887 614 3955 bonum
644 3898 675 3955 et
702 3893 867 3954 honestum
890 3890 929 3954 sit
951 3898 1175 3974 cognoscatur,
1205 3891 1238 3956 in
1260 3907 1299 3954 so
1322 3889 1407 3954 euim
1428 3891 1567 3974 positum

390 4015 460 4060 esse
484 3993 586 4076 omnis
607 3992 744 4058 musicae
765 3991 869 4058 finem.
906 3989 978 4083 Ἀρ
1003 3991 1081 4074 oria,-
1092 3987 1218 4078 ifie'yw,
1240 3989 1322 4080 πρὸς
1337 3994 1438 4114 θεοῖν,
1463 3985 1567 4070 orirer

392 4094 468 4167 οὐδὲ
454 4102 647 4184 ipodecani
675 4091 835 4220 προτερον
856 4091 1024 4182 ἐσόμεθα,
1060 4092 1134 4162 ὀὔτε
1157 4091 1252 4162 αὐτοὶ
1277 4093 1351 4163 οὔτε
1373 4087 1430 4173 οὕς
1456 4120 1566 4187 φαμεν

388 4197 465 4288 ἡμῖν
479 4191 724 4268 παιδευτέον
693 4224 785 4279 ειιαι,
808 4223 885 4277 rous
907 4195 1070 4291 φύλακας,
1093 4204 1168 4288 πρὶν
1188 4195 1229 4266 ἂν
1249 4195 1292 4266 τὰ
1301 4200 1368 4281 τῆς
1390 4222 1564 4291 coquqocu-

388 4329 446 4388 νης
475 4305 544 4388 εἴδη
574 4308 628 4372 καὶ
659 4298 811 4394 ἀνδρείας
838 4307 894 4370 καὶ
919 4297 1191 4391 ἐλευθεριότητος
1211 4308 1265 4370 αα)
1287 4301 1565 4394 μεγαλοπρεπείας
1647 4375 1648 4387 ¹
