<?xml version="1.0" encoding="UTF-8"?>
<!DOCTYPE html PUBLIC "-//W3C//DTD XHTML 1.0 Transitional//EN"
    "http://www.w3.org/TR/xhtml1/DTD/xhtml1-transitional.dtd">
<html xmlns="http://www.w3.org/1999/xhtml" xml:lang="en" lang="en">
 <head>
  <title>
</title>
<meta http-equiv="Content-Type" content="text/html;charset=utf-8" />
  <meta name='ocr-system' content='tesseract 3.04.00' />
  <meta name='ocr-capabilities' content='ocr_page ocr_carea ocr_par ocr_line ocrx_word'/>
</head>
<body>
  <div class='ocr_page' id='page_1' title='image "./prolegomenaadpl00rettgoog_0047.png"; bbox 0 0 3344 5234; ppageno 0'>
   <div class='ocr_carea' id='block_1_1' title="bbox 889 369 1099 432">
    <p class='ocr_par' dir='ltr' id='par_1_1' title="bbox 889 369 1099 432">
     <span class='ocr_line' id='line_1_1' title="bbox 889 369 1099 432; baseline 0.014 -19"><span class='ocrx_word' id='word_1_1' title='bbox 889 369 1099 432; x_wconf 75' lang='lat'><strong>-35..</strong></span> 
     </span>
    </p>
   </div>
   <div class='ocr_carea' id='block_1_2' title="bbox 399 522 1585 4347">
    <p class='ocr_par' dir='ltr' id='par_1_2' title="bbox 399 522 1585 4347">
     <span class='ocr_line' id='line_1_2' title="bbox 404 522 1580 610; baseline 0.001 -20"><span class='ocrx_word' id='word_1_2' title='bbox 404 531 475 590; x_wconf 87' lang='lat' dir='ltr'><strong>ante</strong></span> <span class='ocrx_word' id='word_1_3' title='bbox 502 523 613 590; x_wconf 86' lang='lat' dir='ltr'><strong>testari</strong></span> <span class='ocrx_word' id='word_1_4' title='bbox 639 522 791 600; x_wconf 90' lang='lat' dir='ltr'><strong>vidimus,</strong></span> <span class='ocrx_word' id='word_1_5' title='bbox 824 524 973 608; x_wconf 90' lang='lat' dir='ltr'><strong>quoniam</strong></span> <span class='ocrx_word' id='word_1_6' title='bbox 1000 524 1135 602; x_wconf 87' lang='lat' dir='ltr'><strong>institia,</strong></span> <span class='ocrx_word' id='word_1_7' title='bbox 1169 545 1252 610; x_wconf 84' lang='lat' dir='ltr'><strong>quae</strong></span> <span class='ocrx_word' id='word_1_8' title='bbox 1279 532 1326 594; x_wconf 90' lang='lat' dir='ltr'><strong>est</strong></span> <span class='ocrx_word' id='word_1_9' title='bbox 1347 524 1580 602; x_wconf 85' lang='lat' dir='ltr'><strong>animi&#39;virtus,</strong></span> 
     </span>
     <span class='ocr_line' id='line_1_3' title="bbox 402 625 1582 714; baseline 0 -20"><span class='ocrx_word' id='word_1_10' title='bbox 402 651 466 694; x_wconf 94' lang='lat' dir='ltr'><strong>non</strong></span> <span class='ocrx_word' id='word_1_11' title='bbox 488 632 521 694; x_wconf 92' lang='lat' dir='ltr'><strong>in</strong></span> <span class='ocrx_word' id='word_1_12' title='bbox 543 628 682 704; x_wconf 88' lang='lat' dir='ltr'><strong>civitate,</strong></span> <span class='ocrx_word' id='word_1_13' title='bbox 707 631 762 693; x_wconf 88' lang='lat' dir='ltr'><strong>sed</strong></span> <span class='ocrx_word' id='word_1_14' title='bbox 784 627 816 692; x_wconf 93' lang='lat' dir='ltr'><strong>in</strong></span> <span class='ocrx_word' id='word_1_15' title='bbox 837 625 1000 692; x_wconf 88' lang='lat' dir='ltr'><strong>hominum</strong></span> <span class='ocrx_word' id='word_1_16' title='bbox 1023 638 1142 694; x_wconf 87' lang='lat' dir='ltr'><strong>tantum</strong></span> <span class='ocrx_word' id='word_1_17' title='bbox 1163 627 1276 696; x_wconf 90' lang='lat' dir='ltr'><strong>animis</strong></span> <span class='ocrx_word' id='word_1_18' title='bbox 1297 638 1384 695; x_wconf 91' lang='lat' dir='ltr'><strong>recte</strong></span> <span class='ocrx_word' id='word_1_19' title='bbox 1407 632 1582 714; x_wconf 86' lang='lat' dir='ltr'><strong>quaeritur.</strong></span> 
     </span>
     <span class='ocr_line' id='line_1_4' title="bbox 403 731 1584 815; baseline 0 -19"><span class='ocrx_word' id='word_1_20' title='bbox 403 735 521 797; x_wconf 87' lang='lat' dir='ltr'><strong>Tamen</strong></span> <span class='ocrx_word' id='word_1_21' title='bbox 550 753 627 797; x_wconf 87' lang='lat' dir='ltr'><strong>vero</strong></span> <span class='ocrx_word' id='word_1_22' title='bbox 655 731 741 796; x_wconf 86' lang='lat' dir='ltr'><strong>Plato</strong></span> <span class='ocrx_word' id='word_1_23' title='bbox 763 731 831 796; x_wconf 80' lang='lat' dir='ltr'><strong>hoc&#39;</strong></span> <span class='ocrx_word' id='word_1_24' title='bbox 844 731 1007 815; x_wconf 38' lang='lat' dir='ltr'><strong>ipsosloeo</strong></span> <span class='ocrx_word' id='word_1_25' title='bbox 1030 741 1094 797; x_wconf 88' lang='lat' dir='ltr'><strong>tam</strong></span> <span class='ocrx_word' id='word_1_26' title='bbox 1117 733 1201 798; x_wconf 85' lang='lat' dir='ltr'><strong>clare</strong></span> <span class='ocrx_word' id='word_1_27' title='bbox 1223 754 1257 800; x_wconf 89' lang='lat' dir='ltr'><strong>se</strong></span> <span class='ocrx_word' id='word_1_28' title='bbox 1278 732 1429 801; x_wconf 83' lang='lat' dir='ltr'><strong>iustitiam</strong></span> <span class='ocrx_word' id='word_1_29' title='bbox 1450 732 1483 798; x_wconf 93' lang='lat' dir='ltr'><strong>in</strong></span> <span class='ocrx_word' id='word_1_30' title='bbox 1506 734 1584 796; x_wconf 90' lang='lat' dir='ltr'><strong>civi·</strong></span> 
     </span>
     <span class='ocr_line' id='line_1_5' title="bbox 401 835 1582 922; baseline -0.001 -21"><span class='ocrx_word' id='word_1_31' title='bbox 401 843 465 901; x_wconf 90' lang='lat' dir='ltr'><strong>tate</strong></span> <span class='ocrx_word' id='word_1_32' title='bbox 487 856 641 922; x_wconf 82' lang='lat' dir='ltr'>quaerere</span> <span class='ocrx_word' id='word_1_33' title='bbox 663 835 744 900; x_wconf 91' lang='lat' dir='ltr'><strong>velle</strong></span> <span class='ocrx_word' id='word_1_34' title='bbox 766 837 969 918; x_wconf 81' lang='lat' dir='ltr'><strong>pronunciat,</strong></span> <span class='ocrx_word' id='word_1_35' title='bbox 1000 835 1120 920; x_wconf 84' lang='lat' dir='ltr'><strong>quippe</strong></span> <span class='ocrx_word' id='word_1_36' title='bbox 1147 839 1180 901; x_wconf 93' lang='lat' dir='ltr'><strong>in</strong></span> <span class='ocrx_word' id='word_1_37' title='bbox 1208 858 1271 920; x_wconf 88' lang='lat' dir='ltr'><strong>qua</strong></span> <span class='ocrx_word' id='word_1_38' title='bbox 1299 838 1424 903; x_wconf 84' lang='lat' dir='ltr'><strong>facilius</strong></span> <span class='ocrx_word' id='word_1_39' title='bbox 1443 835 1582 902; x_wconf 86' lang='lat' dir='ltr'><strong>inveniri</strong></span> 
     </span>
     <span class='ocr_line' id='line_1_6' title="bbox 401 937 1583 1026; baseline -0.001 -21"><span class='ocrx_word' id='word_1_40' title='bbox 401 940 511 1023; x_wconf 88' lang='lat' dir='ltr'><strong>possit,</strong></span> <span class='ocrx_word' id='word_1_41' title='bbox 535 961 629 1026; x_wconf 88' lang='lat' dir='ltr'><strong>quam</strong></span> <span class='ocrx_word' id='word_1_42' title='bbox 650 941 684 1003; x_wconf 93' lang='lat' dir='ltr'><strong>in</strong></span> <span class='ocrx_word' id='word_1_43' title='bbox 706 938 836 1024; x_wconf 90' lang='lat' dir='ltr'><strong>singulis</strong></span> <span class='ocrx_word' id='word_1_44' title='bbox 858 937 1048 1014; x_wconf 91' lang='lat' dir='ltr'><strong>hominibus,</strong></span> <span class='ocrx_word' id='word_1_45' title='bbox 1072 943 1340 1024; x_wconf 84' lang='lat' dir='ltr'><strong>quemadmodum</strong></span> <span class='ocrx_word' id='word_1_46' title='bbox 1360 942 1497 1006; x_wconf 84' lang='lat' dir='ltr'><strong>maiores</strong></span> <span class='ocrx_word' id='word_1_47' title='bbox 1512 939 1583 1005; x_wconf 91' lang='lat' dir='ltr'><strong>lile-</strong></span> 
     </span>
     <span class='ocr_line' id='line_1_7' title="bbox 400 1043 1581 1128; baseline -0.001 -20"><span class='ocrx_word' id='word_1_48' title='bbox 400 1065 457 1108; x_wconf 91' lang='lat' dir='ltr'><strong>rae</strong></span> <span class='ocrx_word' id='word_1_49' title='bbox 479 1044 593 1110; x_wconf 90' lang='lat' dir='ltr'><strong>melius</strong></span> <span class='ocrx_word' id='word_1_50' title='bbox 616 1051 844 1127; x_wconf 78' lang='lat' dir='ltr'><strong>cognoscantur</strong></span> <span class='ocrx_word' id='word_1_51' title='bbox 866 1064 960 1126; x_wconf 88' lang='lat' dir='ltr'><strong>quam</strong></span> <span class='ocrx_word' id='word_1_52' title='bbox 988 1063 1123 1126; x_wconf 91' lang='lat' dir='ltr'><strong>parvae,</strong></span> <span class='ocrx_word' id='word_1_53' title='bbox 1152 1052 1194 1107; x_wconf 90' lang='lat' dir='ltr'><strong>ut.</strong></span> <span class='ocrx_word' id='word_1_54' title='bbox 1216 1046 1270 1128; x_wconf 73' lang='lat' dir='ltr'><strong>quii</strong></span> <span class='ocrx_word' id='word_1_55' title='bbox 1298 1043 1331 1108; x_wconf 94' lang='lat' dir='ltr'><strong>id</strong></span> <span class='ocrx_word' id='word_1_56' title='bbox 1359 1065 1422 1108; x_wconf 89' lang='lat' dir='ltr'><strong>non</strong></span> <span class='ocrx_word' id='word_1_57' title='bbox 1452 1045 1581 1118; x_wconf 88' lang='lat' dir='ltr'><strong>audiat,</strong></span> 
     </span>
     <span class='ocr_line' id='line_1_8' title="bbox 401 1145 1584 1232; baseline 0 -20"><span class='ocrx_word' id='word_1_58' title='bbox 401 1169 474 1212; x_wconf 88' lang='lat' dir='ltr'><strong>eum</strong></span> <span class='ocrx_word' id='word_1_59' title='bbox 506 1145 593 1216; x_wconf 73' lang='lat' dir='ltr'><strong>‘nihil</strong></span> <span class='ocrx_word' id='word_1_60' title='bbox 616 1169 754 1230; x_wconf 89' lang='lat' dir='ltr'><strong>unquam</strong></span> <span class='ocrx_word' id='word_1_61' title='bbox 786 1147 968 1210; x_wconf 92' lang='lat' dir='ltr'><strong>auditurum</strong></span> <span class='ocrx_word' id='word_1_62' title='bbox 993 1167 1062 1212; x_wconf 89' lang='lat' dir='ltr'><strong>esse</strong></span> <span class='ocrx_word' id='word_1_63' title='bbox 1088 1154 1207 1231; x_wconf 90' lang='lat' dir='ltr'><strong>putem.</strong></span> <span class='ocrx_word' id='word_1_64' title='bbox 1258 1151 1320 1212; x_wconf 78' lang='lat' dir='ltr'><strong>Aut</strong></span> <span class='ocrx_word' id='word_1_65' title='bbox 1347 1146 1444 1232; x_wconf 89' lang='lat' dir='ltr'><strong>igitur</strong></span> <span class='ocrx_word' id='word_1_66' title='bbox 1472 1167 1584 1212; x_wconf 89' lang='lat' dir='ltr'><strong>errare</strong></span> 
     </span>
     <span class='ocr_line' id='line_1_9' title="bbox 400 1248 1583 1335; baseline 0 -19"><span class='ocrx_word' id='word_1_67' title='bbox 400 1251 624 1335; x_wconf 84' lang='lat' dir='ltr'><strong>philosophum</strong></span> <span class='ocrx_word' id='word_1_68' title='bbox 646 1270 776 1315; x_wconf 87' lang='lat' dir='ltr'><strong>necesse</strong></span> <span class='ocrx_word' id='word_1_69' title='bbox 799 1257 855 1324; x_wconf 87' lang='lat' dir='ltr'><strong>est,</strong></span> <span class='ocrx_word' id='word_1_70' title='bbox 879 1259 933 1314; x_wconf 88' lang='lat' dir='ltr'><strong>aut</strong></span> <span class='ocrx_word' id='word_1_71' title='bbox 954 1272 1036 1316; x_wconf 83' lang='lat' dir='ltr'><strong>nova</strong></span> <span class='ocrx_word' id='word_1_72' title='bbox 1053 1251 1191 1316; x_wconf 91' lang='lat' dir='ltr'><strong>ineunda</strong></span> <span class='ocrx_word' id='word_1_73' title='bbox 1204 1248 1296 1316; x_wconf 89' lang='lat' dir='ltr'><strong>ratio.</strong></span> <span class='ocrx_word' id='word_1_74' title='bbox 1334 1253 1390 1316; x_wconf 85' lang='lat' dir='ltr'><strong>llis</strong></span> <span class='ocrx_word' id='word_1_75' title='bbox 1399 1249 1583 1316; x_wconf 87' lang='lat' dir='ltr'><strong>rationibus</strong></span> 
     </span>
     <span class='ocr_line' id='line_1_10' title="bbox 401 1352 1585 1440; baseline -0.001 -20"><span class='ocrx_word' id='word_1_76' title='bbox 401 1365 432 1421; x_wconf 89' lang='lat' dir='ltr'><strong>et</strong></span> <span class='ocrx_word' id='word_1_77' title='bbox 453 1377 489 1428; x_wconf 89' lang='lat' dir='ltr'><strong>re</strong></span> <span class='ocrx_word' id='word_1_78' title='bbox 511 1355 580 1440; x_wconf 87' lang='lat' dir='ltr'><strong>ipsa</strong></span> <span class='ocrx_word' id='word_1_79' title='bbox 601 1353 749 1429; x_wconf 88' lang='lat' dir='ltr'><strong>convicti,</strong></span> <span class='ocrx_word' id='word_1_80' title='bbox 772 1353 863 1418; x_wconf 85' lang='lat' dir='ltr'><strong>multi</strong></span> <span class='ocrx_word' id='word_1_81' title='bbox 881 1352 1092 1437; x_wconf 80' lang='lat' dir='ltr'><strong>interpretes,</strong></span> <span class='ocrx_word' id='word_1_82' title='bbox 1106 1358 1145 1420; x_wconf 93' lang='lat' dir='ltr'><strong>de</strong></span> <span class='ocrx_word' id='word_1_83' title='bbox 1161 1352 1343 1437; x_wconf 86' lang='lat' dir='ltr'><strong>Republica,</strong></span> <span class='ocrx_word' id='word_1_84' title='bbox 1363 1375 1426 1419; x_wconf 90' lang='lat' dir='ltr'><strong>non</strong></span> <span class='ocrx_word' id='word_1_85' title='bbox 1439 1358 1478 1420; x_wconf 91' lang='lat' dir='ltr'><strong>de</strong></span> <span class='ocrx_word' id='word_1_86' title='bbox 1493 1353 1585 1420; x_wconf 90' lang='lat' dir='ltr'><strong>iusti-</strong></span> 
     </span>
     <span class='ocr_line' id='line_1_11' title="bbox 399 1456 1583 1544; baseline 0 -20"><span class='ocrx_word' id='word_1_87' title='bbox 399 1459 444 1524; x_wconf 87' lang='lat' dir='ltr'><strong>tia</strong></span> <span class='ocrx_word' id='word_1_88' title='bbox 465 1462 517 1524; x_wconf 87' lang='lat' dir='ltr'><strong>hio</strong></span> <span class='ocrx_word' id='word_1_89' title='bbox 539 1478 717 1524; x_wconf 90' lang='lat' dir='ltr'><strong>sermonem</strong></span> <span class='ocrx_word' id='word_1_90' title='bbox 739 1478 808 1523; x_wconf 88' lang='lat' dir='ltr'><strong>esse</strong></span> <span class='ocrx_word' id='word_1_91' title='bbox 830 1463 1012 1534; x_wconf 79' lang='lat' dir='ltr'><strong>statuentes,</strong></span> <span class='ocrx_word' id='word_1_92' title='bbox 1036 1456 1116 1522; x_wconf 81' lang='lat' dir='ltr'><strong>lianc</strong></span> <span class='ocrx_word' id='word_1_93' title='bbox 1135 1457 1366 1524; x_wconf 83' lang='lat' dir='ltr'><strong>Platonicorum</strong></span> <span class='ocrx_word' id='word_1_94' title='bbox 1382 1457 1583 1544; x_wconf 79' lang='lat' dir='ltr'><strong>dialogorum</strong></span> 
     </span>
     <span class='ocr_line' id='line_1_12' title="bbox 399 1559 1582 1646; baseline -0.002 -18"><span class='ocrx_word' id='word_1_95' title='bbox 399 1566 556 1628; x_wconf 87' lang='lat' dir='ltr'><strong>rationem</strong></span> <span class='ocrx_word' id='word_1_96' title='bbox 575 1564 864 1645; x_wconf 89' lang='lat' dir='ltr'><strong>reprehenderunt,</strong></span> <span class='ocrx_word' id='word_1_97' title='bbox 894 1559 992 1626; x_wconf 89' lang='lat' dir='ltr'><strong>veluti</strong></span> <span class='ocrx_word' id='word_1_98' title='bbox 1015 1560 1143 1628; x_wconf 87' lang='lat' dir='ltr'><strong>Carolus</strong></span> <span class='ocrx_word' id='word_1_99' title='bbox 1165 1561 1320 1646; x_wconf 78' lang='lat' dir='ltr'><strong>Sigonius.</strong></span> <span class='ocrx_word' id='word_1_100' title='bbox 1366 1563 1482 1628; x_wconf 83' lang='lat' dir='ltr'><strong>Confer</strong></span> <span class='ocrx_word' id='word_1_101' title='bbox 1504 1581 1582 1646; x_wconf 88' lang='lat' dir='ltr'><strong>ope·</strong></span> 
     </span>
     <span class='ocr_line' id='line_1_13' title="bbox 401 1663 1580 1750; baseline -0.003 -16"><span class='ocrx_word' id='word_1_102' title='bbox 401 1687 474 1734; x_wconf 87' lang='lat' dir='ltr'><strong>rum</strong></span> <span class='ocrx_word' id='word_1_103' title='bbox 514 1669 602 1735; x_wconf 87' lang='lat' dir='ltr'><strong>Tom.</strong></span> <span class='ocrx_word' id='word_1_104' title='bbox 635 1667 687 1732; x_wconf 85' lang='lat' dir='ltr'><strong>VI.</strong></span> <span class='ocrx_word' id='word_1_105' title='bbox 720 1664 847 1740; x_wconf 87' lang='lat' dir='ltr'><strong>Mediol.</strong></span> <span class='ocrx_word' id='word_1_106' title='bbox 891 1667 990 1739; x_wconf 80' lang='lat'><strong>1737,</strong></span> <span class='ocrx_word' id='word_1_107' title='bbox 1021 1688 1054 1749; x_wconf 90' lang='lat' dir='ltr'><strong>p.</strong></span> <span class='ocrx_word' id='word_1_108' title='bbox 1097 1669 1245 1750; x_wconf 67' lang='lat' dir='ltr'><strong>leupus</strong></span> <span class='ocrx_word' id='word_1_109' title='bbox 1276 1666 1346 1732; x_wconf 85' lang='lat' dir='ltr'><strong>loco</strong></span> <span class='ocrx_word' id='word_1_110' title='bbox 1381 1667 1425 1732; x_wconf 91' lang='lat' dir='ltr'><strong>ita</strong></span> <span class='ocrx_word' id='word_1_111' title='bbox 1452 1663 1580 1732; x_wconf 86' lang='lat' dir='ltr'><strong>scribit:</strong></span> 
     </span>
     <span class='ocr_line' id='line_1_14' title="bbox 404 1768 1584 1868; baseline 0.001 -35"><span class='ocrx_word' id='word_1_112' title='bbox 404 1775 484 1836; x_wconf 74' lang='lat' dir='ltr'><strong>«Est</strong></span> <span class='ocrx_word' id='word_1_113' title='bbox 503 1772 601 1856; x_wconf 91' lang='lat' dir='ltr'><strong>igitur</strong></span> <span class='ocrx_word' id='word_1_114' title='bbox 621 1771 665 1834; x_wconf 86' lang='lat' dir='ltr'><strong>ita</strong></span> <span class='ocrx_word' id='word_1_115' title='bbox 687 1773 765 1836; x_wconf 85' lang='lat' dir='ltr'><strong>haec</strong></span> <span class='ocrx_word' id='word_1_116' title='bbox 787 1772 875 1853; x_wconf 88' lang='lat' dir='ltr'><strong>quasi</strong></span> <span class='ocrx_word' id='word_1_117' title='bbox 898 1768 1016 1852; x_wconf 84' lang='lat' dir='ltr'><strong>dialogi</strong></span> <span class='ocrx_word' id='word_1_118' title='bbox 1036 1768 1143 1836; x_wconf 87' lang='lat' dir='ltr'><strong>fabula</strong></span> <span class='ocrx_word' id='word_1_119' title='bbox 1166 1768 1400 1846; x_wconf 78' lang='lat' dir='ltr'><strong>constituenda,</strong></span> <span class='ocrx_word' id='word_1_120' title='bbox 1423 1779 1459 1868; x_wconf 70' lang='lat' dir='ltr'><strong>ut</strong></span> <span class='ocrx_word' id='word_1_121' title='bbox 1480 1771 1584 1834; x_wconf 90' lang='lat' dir='ltr'><strong>autin</strong></span> 
     </span>
     <span class='ocr_line' id='line_1_15' title="bbox 400 1871 1582 1959; baseline -0.002 -19"><span class='ocrx_word' id='word_1_122' title='bbox 400 1876 512 1959; x_wconf 91' lang='lat' dir='ltr'><strong>primis</strong></span> <span class='ocrx_word' id='word_1_123' title='bbox 544 1873 667 1947; x_wconf 82' lang='lat' dir='ltr'><strong>verbis,</strong></span> <span class='ocrx_word' id='word_1_124' title='bbox 695 1871 780 1958; x_wconf 84' lang='lat' dir='ltr'><strong>quod</strong></span> <span class='ocrx_word' id='word_1_125' title='bbox 807 1893 902 1956; x_wconf 86' lang='lat' dir='ltr'><strong>saepe</strong></span> <span class='ocrx_word' id='word_1_126' title='bbox 931 1874 1049 1938; x_wconf 85' lang='lat' dir='ltr'><strong>factum</strong></span> <span class='ocrx_word' id='word_1_127' title='bbox 1076 1872 1216 1950; x_wconf 89' lang='lat' dir='ltr'><strong>ostendi,</strong></span> <span class='ocrx_word' id='word_1_128' title='bbox 1253 1881 1308 1939; x_wconf 89' lang='lat' dir='ltr'><strong>aut</strong></span> <span class='ocrx_word' id='word_1_129' title='bbox 1329 1895 1393 1940; x_wconf 92' lang='lat' dir='ltr'><strong>non</strong></span> <span class='ocrx_word' id='word_1_130' title='bbox 1414 1875 1467 1944; x_wconf 74' lang='lat' dir='ltr'><strong>ita,</strong></span> <span class='ocrx_word' id='word_1_131' title='bbox 1480 1873 1582 1938; x_wconf 89' lang='lat' dir='ltr'><strong>multo</strong></span> 
     </span>
     <span class='ocr_line' id='line_1_16' title="bbox 400 1976 1582 2064; baseline 0 -20"><span class='ocrx_word' id='word_1_132' title='bbox 400 1987 488 2063; x_wconf 88' lang='lat' dir='ltr'><strong>post,</strong></span> <span class='ocrx_word' id='word_1_133' title='bbox 519 1986 604 2044; x_wconf 83' lang='lat' dir='ltr'><strong>extet</strong></span> <span class='ocrx_word' id='word_1_134' title='bbox 624 1985 718 2061; x_wconf 86' lang='lat' dir='ltr'><strong>atque</strong></span> <span class='ocrx_word' id='word_1_135' title='bbox 740 1982 903 2060; x_wconf 84' lang='lat' dir='ltr'><strong>appareat,</strong></span> <span class='ocrx_word' id='word_1_136' title='bbox 928 1979 1004 2062; x_wconf 83' lang='lat' dir='ltr'><strong>quid</strong></span> <span class='ocrx_word' id='word_1_137' title='bbox 1026 1981 1066 2042; x_wconf 93' lang='lat' dir='ltr'><strong>sit</strong></span> <span class='ocrx_word' id='word_1_138' title='bbox 1087 1976 1137 2054; x_wconf 88' lang='lat' dir='ltr'><strong>id,</strong></span> <span class='ocrx_word' id='word_1_139' title='bbox 1169 1982 1209 2044; x_wconf 92' lang='lat' dir='ltr'><strong>de</strong></span> <span class='ocrx_word' id='word_1_140' title='bbox 1230 2000 1294 2064; x_wconf 88' lang='lat' dir='ltr'><strong>quo</strong></span> <span class='ocrx_word' id='word_1_141' title='bbox 1316 1976 1478 2044; x_wconf 87' lang='lat' dir='ltr'><strong>intereos</strong></span> <span class='ocrx_word' id='word_1_142' title='bbox 1500 1997 1582 2062; x_wconf 89' lang='lat' dir='ltr'><strong>quos</strong></span> 
     </span>
     <span class='ocr_line' id='line_1_17' title="bbox 399 2080 1583 2164; baseline -0.003 -15"><span class='ocrx_word' id='word_1_143' title='bbox 399 2081 598 2158; x_wconf 83' lang='lat' dir='ltr'><strong>induximus,</strong></span> <span class='ocrx_word' id='word_1_144' title='bbox 627 2080 804 2164; x_wconf 87' lang='lat' dir='ltr'><strong>disputatur</strong></span> <span class='ocrx_word' id='word_1_145' title='bbox 833 2089 865 2145; x_wconf 93' lang='lat' dir='ltr'><strong>et</strong></span> <span class='ocrx_word' id='word_1_146' title='bbox 893 2081 1072 2164; x_wconf 88' lang='lat' dir='ltr'><strong>quaeritur,</strong></span> <span class='ocrx_word' id='word_1_147' title='bbox 1101 2101 1141 2146; x_wconf 92' lang='lat' dir='ltr'><strong>ne</strong></span> <span class='ocrx_word' id='word_1_148' title='bbox 1169 2082 1223 2147; x_wconf 93' lang='lat' dir='ltr'><strong>diu</strong></span> <span class='ocrx_word' id='word_1_149' title='bbox 1250 2082 1378 2148; x_wconf 89' lang='lat' dir='ltr'><strong>lectoris</strong></span> <span class='ocrx_word' id='word_1_150' title='bbox 1404 2083 1526 2146; x_wconf 90' lang='lat' dir='ltr'><strong>animus</strong></span> <span class='ocrx_word' id='word_1_151' title='bbox 1548 2083 1583 2146; x_wconf 92' lang='lat' dir='ltr'><strong>in</strong></span> 
     </span>
     <span class='ocr_line' id='line_1_18' title="bbox 401 2180 1583 2272; baseline -0.003 -21"><span class='ocrx_word' id='word_1_152' title='bbox 401 2194 585 2272; x_wconf 89' lang='lat' dir='ltr'><strong>argumento</strong></span> <span class='ocrx_word' id='word_1_153' title='bbox 607 2182 812 2268; x_wconf 88' lang='lat' dir='ltr'><strong>percipiendo</strong></span> <span class='ocrx_word' id='word_1_154' title='bbox 833 2180 974 2259; x_wconf 88' lang='lat' dir='ltr'><strong>aberret,</strong></span> <span class='ocrx_word' id='word_1_155' title='bbox 1002 2191 1097 2266; x_wconf 89' lang='lat' dir='ltr'><strong>atque</strong></span> <span class='ocrx_word' id='word_1_156' title='bbox 1126 2206 1227 2272; x_wconf 87' lang='lat' dir='ltr'><strong>usque</strong></span> <span class='ocrx_word' id='word_1_157' title='bbox 1253 2184 1293 2250; x_wconf 88' lang='lat' dir='ltr'><strong>ad</strong></span> <span class='ocrx_word' id='word_1_158' title='bbox 1323 2194 1499 2250; x_wconf 85' lang='lat' dir='ltr'><strong>extremum</strong></span> <span class='ocrx_word' id='word_1_159' title='bbox 1530 2205 1583 2253; x_wconf 89' lang='lat' dir='ltr'><strong>su·</strong></span> 
     </span>
     <span class='ocr_line' id='line_1_19' title="bbox 400 2285 1583 2374; baseline -0.001 -19"><span class='ocrx_word' id='word_1_160' title='bbox 400 2311 533 2374; x_wconf 86' lang='lat' dir='ltr'><strong>spensus</strong></span> <span class='ocrx_word' id='word_1_161' title='bbox 555 2297 586 2354; x_wconf 89' lang='lat' dir='ltr'><strong>et</strong></span> <span class='ocrx_word' id='word_1_162' title='bbox 606 2309 719 2371; x_wconf 90' lang='lat' dir='ltr'><strong>parum</strong></span> <span class='ocrx_word' id='word_1_163' title='bbox 740 2285 923 2370; x_wconf 91' lang='lat' dir='ltr'><strong>propositae</strong></span> <span class='ocrx_word' id='word_1_164' title='bbox 945 2289 1117 2352; x_wconf 87' lang='lat' dir='ltr'><strong>sententiae</strong></span> <span class='ocrx_word' id='word_1_165' title='bbox 1139 2309 1268 2372; x_wconf 87' lang='lat' dir='ltr'><strong>compos</strong></span> <span class='ocrx_word' id='word_1_166' title='bbox 1290 2287 1486 2354; x_wconf 78' lang='lat' dir='ltr'><strong>deferatur.»</strong></span> <span class='ocrx_word' id='word_1_167' title='bbox 1523 2292 1583 2354; x_wconf 88' lang='lat' dir='ltr'><strong>Er·</strong></span> 
     </span>
     <span class='ocr_line' id='line_1_20' title="bbox 400 2389 1583 2476; baseline -0.004 -15"><span class='ocrx_word' id='word_1_168' title='bbox 400 2394 483 2462; x_wconf 89' lang='lat' dir='ltr'><strong>ravit</strong></span> <span class='ocrx_word' id='word_1_169' title='bbox 505 2402 626 2469; x_wconf 89' lang='lat' dir='ltr'><strong>tamen,</strong></span> <span class='ocrx_word' id='word_1_170' title='bbox 655 2394 688 2457; x_wconf 90' lang='lat' dir='ltr'><strong>id</strong></span> <span class='ocrx_word' id='word_1_171' title='bbox 716 2390 801 2475; x_wconf 91' lang='lat' dir='ltr'><strong>quod</strong></span> <span class='ocrx_word' id='word_1_172' title='bbox 829 2392 862 2453; x_wconf 90' lang='lat' dir='ltr'><strong>in</strong></span> <span class='ocrx_word' id='word_1_173' title='bbox 884 2389 1014 2473; x_wconf 89' lang='lat' dir='ltr'><strong>singulis</strong></span> <span class='ocrx_word' id='word_1_174' title='bbox 1036 2389 1168 2476; x_wconf 92' lang='lat' dir='ltr'><strong>dialogis</strong></span> <span class='ocrx_word' id='word_1_175' title='bbox 1190 2393 1294 2458; x_wconf 89' lang='lat' dir='ltr'><strong>minus</strong></span> <span class='ocrx_word' id='word_1_176' title='bbox 1316 2391 1484 2458; x_wconf 81' lang='lat' dir='ltr'><strong>artificiose</strong></span> <span class='ocrx_word' id='word_1_177' title='bbox 1506 2411 1583 2456; x_wconf 91' lang='lat' dir='ltr'><strong>oon·</strong></span> 
     </span>
     <span class='ocr_line' id='line_1_21' title="bbox 401 2492 1581 2578; baseline -0.002 -14"><span class='ocrx_word' id='word_1_178' title='bbox 401 2503 526 2564; x_wconf 86' lang='lat' dir='ltr'><strong>structis</strong></span> <span class='ocrx_word' id='word_1_179' title='bbox 553 2504 638 2562; x_wconf 87' lang='lat' dir='ltr'><strong>recte</strong></span> <span class='ocrx_word' id='word_1_180' title='bbox 669 2492 834 2560; x_wconf 80' lang='lat' dir='ltr'><strong>observari</strong></span> <span class='ocrx_word' id='word_1_181' title='bbox 860 2492 998 2572; x_wconf 88' lang='lat' dir='ltr'><strong>viderat,</strong></span> <span class='ocrx_word' id='word_1_182' title='bbox 1029 2493 1234 2561; x_wconf 87' lang='lat' dir='ltr'><strong>inomnibus</strong></span> <span class='ocrx_word' id='word_1_183' title='bbox 1256 2493 1488 2578; x_wconf 83' lang='lat' dir='ltr'><strong>observandum</strong></span> <span class='ocrx_word' id='word_1_184' title='bbox 1511 2515 1581 2562; x_wconf 89' lang='lat' dir='ltr'><strong>esse</strong></span> 
     </span>
     <span class='ocr_line' id='line_1_22' title="bbox 399 2597 1579 2684; baseline -0.005 -15"><span class='ocrx_word' id='word_1_185' title='bbox 399 2602 551 2669; x_wconf 90' lang='lat' dir='ltr'><strong>iudicans.</strong></span> <span class='ocrx_word' id='word_1_186' title='bbox 596 2600 635 2665; x_wconf 85' lang='lat' dir='ltr'><strong>Et</strong></span> <span class='ocrx_word' id='word_1_187' title='bbox 656 2599 752 2664; x_wconf 87' lang='lat' dir='ltr'><strong>satius</strong></span> <span class='ocrx_word' id='word_1_188' title='bbox 774 2597 893 2674; x_wconf 85' lang='lat' dir='ltr'><strong>luisset,</strong></span> <span class='ocrx_word' id='word_1_189' title='bbox 916 2618 1042 2664; x_wconf 90' lang='lat' dir='ltr'><strong>causam</strong></span> <span class='ocrx_word' id='word_1_190' title='bbox 1063 2597 1216 2683; x_wconf 85' lang='lat' dir='ltr'><strong>indagare</strong></span> <span class='ocrx_word' id='word_1_191' title='bbox 1239 2621 1302 2684; x_wconf 89' lang='lat' dir='ltr'><strong>qua</strong></span> <span class='ocrx_word' id='word_1_192' title='bbox 1322 2601 1469 2665; x_wconf 87' lang='lat' dir='ltr'><strong>inductus</strong></span> <span class='ocrx_word' id='word_1_193' title='bbox 1490 2598 1579 2664; x_wconf 91' lang='lat' dir='ltr'><strong>Plato</strong></span> 
     </span>
     <span class='ocr_line' id='line_1_23' title="bbox 400 2701 1580 2790; baseline -0.003 -20"><span class='ocrx_word' id='word_1_194' title='bbox 400 2741 442 2756; x_wconf 87' lang='lat'><em>-</em></span> <span class='ocrx_word' id='word_1_195' title='bbox 464 2727 527 2790; x_wconf 88' lang='lat' dir='ltr'><strong>quo</strong></span> <span class='ocrx_word' id='word_1_196' title='bbox 553 2724 617 2768; x_wconf 90' lang='lat' dir='ltr'><strong>non</strong></span> <span class='ocrx_word' id='word_1_197' title='bbox 644 2702 702 2767; x_wconf 86' lang='lat' dir='ltr'><strong>fuit</strong></span> <span class='ocrx_word' id='word_1_198' title='bbox 731 2701 810 2768; x_wconf 86' lang='lat' dir='ltr'><strong>alins</strong></span> <span class='ocrx_word' id='word_1_199' title='bbox 839 2701 1037 2787; x_wconf 88' lang='lat' dir='ltr'><strong>dialogorum</strong></span> <span class='ocrx_word' id='word_1_200' title='bbox 1066 2711 1152 2768; x_wconf 87' lang='lat' dir='ltr'><strong>recte</strong></span> <span class='ocrx_word' id='word_1_201' title='bbox 1182 2701 1448 2770; x_wconf 82' lang='lat' dir='ltr'><strong>conficiendorum</strong></span> <span class='ocrx_word' id='word_1_202' title='bbox 1478 2706 1580 2768; x_wconf 89' lang='lat' dir='ltr'><strong>maior</strong></span> 
     </span>
     <span class='ocr_line' id='line_1_24' title="bbox 400 2805 1579 2893; baseline -0.004 -16"><span class='ocrx_word' id='word_1_203' title='bbox 400 2810 515 2877; x_wconf 83' lang='lat' dir='ltr'><strong>artifex</strong></span> <span class='ocrx_word' id='word_1_204' title='bbox 535 2807 724 2891; x_wconf 85' lang='lat' dir='ltr'><strong>--saepius</strong></span> <span class='ocrx_word' id='word_1_205' title='bbox 753 2805 847 2880; x_wconf 89' lang='lat' dir='ltr'><strong>aliam</strong></span> <span class='ocrx_word' id='word_1_206' title='bbox 873 2806 1027 2872; x_wconf 87' lang='lat' dir='ltr'><strong>rationem</strong></span> <span class='ocrx_word' id='word_1_207' title='bbox 1054 2813 1219 2893; x_wconf 88' lang='lat' dir='ltr'><strong>sequatur,</strong></span> <span class='ocrx_word' id='word_1_208' title='bbox 1260 2829 1355 2892; x_wconf 85' lang='lat' dir='ltr'><strong>quam</strong></span> <span class='ocrx_word' id='word_1_209' title='bbox 1385 2809 1441 2872; x_wconf 56' lang='lat' dir='ltr'><strong>ita*</strong></span> <span class='ocrx_word' id='word_1_210' title='bbox 1457 2813 1579 2872; x_wconf 89' lang='lat' dir='ltr'><strong>temere</strong></span> 
     </span>
     <span class='ocr_line' id='line_1_25' title="bbox 400 2907 1579 2998; baseline -0.003 -19"><span class='ocrx_word' id='word_1_211' title='bbox 400 2911 643 2998; x_wconf 88' lang='lat' dir='ltr'><strong>reprehendere,</strong></span> <span class='ocrx_word' id='word_1_212' title='bbox 668 2913 752 2995; x_wconf 88' lang='lat' dir='ltr'><strong>quod</strong></span> <span class='ocrx_word' id='word_1_213' title='bbox 766 2912 853 2994; x_wconf 90' lang='lat' dir='ltr'><strong>apud</strong></span> <span class='ocrx_word' id='word_1_214' title='bbox 874 2910 1034 2976; x_wconf 88' lang='lat' dir='ltr'><strong>Platonem</strong></span> <span class='ocrx_word' id='word_1_215' title='bbox 1050 2913 1176 2995; x_wconf 88' lang='lat' dir='ltr'><strong>saepius</strong></span> <span class='ocrx_word' id='word_1_216' title='bbox 1190 2909 1294 2976; x_wconf 85' lang='lat' dir='ltr'><strong>losum</strong></span> <span class='ocrx_word' id='word_1_217' title='bbox 1310 2910 1428 2998; x_wconf 81' lang='lat' dir='ltr'><strong>habere</strong></span> <span class='ocrx_word' id='word_1_218' title='bbox 1441 2907 1579 2976; x_wconf 88' lang='lat' dir='ltr'><strong>videbat.</strong></span> 
     </span>
     <span class='ocr_line' id='line_1_26' title="bbox 401 3014 1580 3110; baseline -0.002 -27"><span class='ocrx_word' id='word_1_219' title='bbox 401 3019 488 3085; x_wconf 87' lang='lat' dir='ltr'><strong>Idem</strong></span> <span class='ocrx_word' id='word_1_220' title='bbox 510 3016 531 3082; x_wconf 91' lang='lat' dir='ltr'><strong>l.</strong></span> <span class='ocrx_word' id='word_1_221' title='bbox 555 3038 584 3110; x_wconf 51' lang='lat' dir='ltr'><strong>c,</strong></span> <span class='ocrx_word' id='word_1_222' title='bbox 607 3036 640 3099; x_wconf 91' lang='lat' dir='ltr'><strong>p.</strong></span> <span class='ocrx_word' id='word_1_223' title='bbox 661 3017 742 3080; x_wconf 68' lang='lat'><strong>467:</strong></span> <span class='ocrx_word' id='word_1_224' title='bbox 778 3017 897 3097; x_wconf 75' lang='lat' dir='ltr'><strong>«Apud</strong></span> <span class='ocrx_word' id='word_1_225' title='bbox 918 3014 1078 3080; x_wconf 86' lang='lat' dir='ltr'><strong>Platonem</strong></span> <span class='ocrx_word' id='word_1_226' title='bbox 1107 3023 1211 3080; x_wconf 90' lang='lat' dir='ltr'><strong>autem</strong></span> <span class='ocrx_word' id='word_1_227' title='bbox 1238 3014 1355 3082; x_wconf 87' lang='lat' dir='ltr'><strong>nullam</strong></span> <span class='ocrx_word' id='word_1_228' title='bbox 1378 3035 1473 3098; x_wconf 80' lang='lat' dir='ltr'><strong>saepe</strong></span> <span class='ocrx_word' id='word_1_229' title='bbox 1496 3017 1580 3081; x_wconf 88' lang='lat' dir='ltr'><strong>eius·</strong></span> 
     </span>
     <span class='ocr_line' id='line_1_27' title="bbox 400 3117 1580 3204; baseline -0.003 -16"><span class='ocrx_word' id='word_1_230' title='bbox 400 3125 487 3188; x_wconf 93' lang='lat' dir='ltr'><strong>modi</strong></span> <span class='ocrx_word' id='word_1_231' title='bbox 515 3119 661 3204; x_wconf 86' lang='lat' dir='ltr'><strong>reperias</strong></span> <span class='ocrx_word' id='word_1_232' title='bbox 686 3117 955 3202; x_wconf 75' lang='lat' dir='ltr'><strong>propositionem,</strong></span> <span class='ocrx_word' id='word_1_233' title='bbox 988 3121 1043 3184; x_wconf 90' lang='lat' dir='ltr'><strong>sed</strong></span> <span class='ocrx_word' id='word_1_234' title='bbox 1066 3117 1121 3186; x_wconf 92' lang='lat' dir='ltr'><strong>diu</strong></span> <span class='ocrx_word' id='word_1_235' title='bbox 1142 3121 1314 3186; x_wconf 85' lang='lat' dir='ltr'><strong>sententiae</strong></span> <span class='ocrx_word' id='word_1_236' title='bbox 1341 3126 1372 3184; x_wconf 93' lang='lat' dir='ltr'><strong>et</strong></span> <span class='ocrx_word' id='word_1_237' title='bbox 1396 3123 1580 3184; x_wconf 82' lang='lat' dir='ltr'><strong>coutrover-</strong></span> 
     </span>
     <span class='ocr_line' id='line_1_28' title="bbox 401 3222 1579 3310; baseline -0.003 -18"><span class='ocrx_word' id='word_1_238' title='bbox 401 3227 481 3302; x_wconf 87' lang='lat' dir='ltr'><strong>siae,</strong></span> <span class='ocrx_word' id='word_1_239' title='bbox 517 3245 598 3310; x_wconf 89' lang='lat' dir='ltr'><strong>quae</strong></span> <span class='ocrx_word' id='word_1_240' title='bbox 626 3226 709 3289; x_wconf 91' lang='lat' dir='ltr'><strong>inter</strong></span> <span class='ocrx_word' id='word_1_241' title='bbox 735 3242 790 3287; x_wconf 91' lang='lat' dir='ltr'><strong>eos</strong></span> <span class='ocrx_word' id='word_1_242' title='bbox 816 3229 961 3305; x_wconf 89' lang='lat' dir='ltr'><strong>versatur</strong></span> <span class='ocrx_word' id='word_1_243' title='bbox 986 3222 1040 3308; x_wconf 88' lang='lat' dir='ltr'><strong>qui</strong></span> <span class='ocrx_word' id='word_1_244' title='bbox 1067 3222 1255 3308; x_wconf 85' lang='lat' dir='ltr'><strong>loquuntur,</strong></span> <span class='ocrx_word' id='word_1_245' title='bbox 1289 3225 1440 3298; x_wconf 89' lang='lat' dir='ltr'><strong>incertus,</strong></span> <span class='ocrx_word' id='word_1_246' title='bbox 1474 3231 1579 3288; x_wconf 85' lang='lat' dir='ltr'><strong>mente</strong></span> 
     </span>
     <span class='ocr_line' id='line_1_29' title="bbox 400 3324 1579 3417; baseline -0.004 -22"><span class='ocrx_word' id='word_1_247' title='bbox 400 3328 525 3414; x_wconf 78' lang='lat' dir='ltr'><strong>vageris</strong></span> <span class='ocrx_word' id='word_1_248' title='bbox 548 3336 580 3392; x_wconf 91' lang='lat' dir='ltr'><strong>et</strong></span> <span class='ocrx_word' id='word_1_249' title='bbox 598 3330 739 3402; x_wconf 86' lang='lat' dir='ltr'><strong>fluctues,</strong></span> <span class='ocrx_word' id='word_1_250' title='bbox 762 3345 819 3390; x_wconf 87' lang='lat' dir='ltr'><strong>nec</strong></span> <span class='ocrx_word' id='word_1_251' title='bbox 835 3335 966 3417; x_wconf 88' lang='lat' dir='ltr'><strong>certum,</strong></span> <span class='ocrx_word' id='word_1_252' title='bbox 991 3330 1040 3392; x_wconf 89' lang='lat' dir='ltr'><strong>eui</strong></span> <span class='ocrx_word' id='word_1_253' title='bbox 1055 3330 1201 3404; x_wconf 87' lang='lat' dir='ltr'><strong>haereas,</strong></span> <span class='ocrx_word' id='word_1_254' title='bbox 1224 3326 1328 3393; x_wconf 88' lang='lat' dir='ltr'><strong>locum</strong></span> <span class='ocrx_word' id='word_1_255' title='bbox 1342 3324 1499 3405; x_wconf 88' lang='lat' dir='ltr'><strong>invenias;</strong></span> <span class='ocrx_word' id='word_1_256' title='bbox 1524 3329 1579 3392; x_wconf 89' lang='lat' dir='ltr'><strong>nbi</strong></span> 
     </span>
     <span class='ocr_line' id='line_1_30' title="bbox 400 3425 1579 3516; baseline -0.003 -17"><span class='ocrx_word' id='word_1_257' title='bbox 400 3453 478 3500; x_wconf 88' lang='lat' dir='ltr'><strong>vero</strong></span> <span class='ocrx_word' id='word_1_258' title='bbox 500 3431 707 3516; x_wconf 86' lang='lat' dir='ltr'><strong>proponitur,</strong></span> <span class='ocrx_word' id='word_1_259' title='bbox 738 3430 862 3512; x_wconf 89' lang='lat' dir='ltr'><strong>saepius</strong></span> <span class='ocrx_word' id='word_1_260' title='bbox 885 3433 1019 3496; x_wconf 85' lang='lat' dir='ltr'><strong>obscure</strong></span> <span class='ocrx_word' id='word_1_261' title='bbox 1039 3431 1083 3494; x_wconf 89' lang='lat' dir='ltr'><strong>ita</strong></span> <span class='ocrx_word' id='word_1_262' title='bbox 1104 3425 1152 3508; x_wconf 92' lang='lat' dir='ltr'><strong>lit,</strong></span> <span class='ocrx_word' id='word_1_263' title='bbox 1185 3441 1219 3497; x_wconf 89' lang='lat' dir='ltr'><strong>ut</strong></span> <span class='ocrx_word' id='word_1_264' title='bbox 1240 3433 1295 3496; x_wconf 83' lang='lat' dir='ltr'><strong>vix</strong></span> <span class='ocrx_word' id='word_1_265' title='bbox 1316 3433 1449 3504; x_wconf 89' lang='lat' dir='ltr'><strong>sentias,</strong></span> <span class='ocrx_word' id='word_1_266' title='bbox 1480 3452 1579 3516; x_wconf 90' lang='lat' dir='ltr'><strong>quan·</strong></span> 
     </span>
     <span class='ocr_line' id='line_1_31' title="bbox 401 3533 1581 3624; baseline -0.003 -22"><span class='ocrx_word' id='word_1_267' title='bbox 401 3557 495 3624; x_wconf 86' lang='lat' dir='ltr'><strong>quarn</strong></span> <span class='ocrx_word' id='word_1_268' title='bbox 516 3535 549 3601; x_wconf 93' lang='lat' dir='ltr'><strong>in</strong></span> <span class='ocrx_word' id='word_1_269' title='bbox 571 3557 610 3600; x_wconf 91' lang='lat' dir='ltr'><strong>eo</strong></span> <span class='ocrx_word' id='word_1_270' title='bbox 632 3553 758 3599; x_wconf 87' lang='lat' dir='ltr'><strong>omnem</strong></span> <span class='ocrx_word' id='word_1_271' title='bbox 779 3535 919 3600; x_wconf 91' lang='lat' dir='ltr'><strong>animum</strong></span> <span class='ocrx_word' id='word_1_272' title='bbox 938 3541 1137 3620; x_wconf 83' lang='lat' dir='ltr'><strong>mentemque</strong></span> <span class='ocrx_word' id='word_1_273' title='bbox 1153 3533 1304 3619; x_wconf 79' lang='lat' dir='ltr'><strong>defigas.»</strong></span> <span class='ocrx_word' id='word_1_274' title='bbox 1341 3539 1491 3620; x_wconf 86' lang='lat' dir='ltr'><strong>Adeoque</strong></span> <span class='ocrx_word' id='word_1_275' title='bbox 1506 3555 1581 3616; x_wconf 88' lang='lat' dir='ltr'><strong>per·</strong></span> 
     </span>
     <span class='ocr_line' id='line_1_32' title="bbox 400 3635 1578 3721; baseline -0.005 -14"><span class='ocrx_word' id='word_1_276' title='bbox 400 3641 571 3707; x_wconf 83' lang='lat' dir='ltr'><strong>lectissimo</strong></span> <span class='ocrx_word' id='word_1_277' title='bbox 600 3638 738 3702; x_wconf 88' lang='lat' dir='ltr'><strong>Platonis</strong></span> <span class='ocrx_word' id='word_1_278' title='bbox 768 3638 876 3719; x_wconf 91' lang='lat' dir='ltr'><strong>operi,</strong></span> <span class='ocrx_word' id='word_1_279' title='bbox 904 3635 1051 3715; x_wconf 89' lang='lat' dir='ltr'><strong>Politiae,</strong></span> <span class='ocrx_word' id='word_1_280' title='bbox 1079 3641 1113 3704; x_wconf 93' lang='lat' dir='ltr'><strong>id</strong></span> <span class='ocrx_word' id='word_1_281' title='bbox 1139 3637 1251 3703; x_wconf 91' lang='lat' dir='ltr'><strong>vitium</strong></span> <span class='ocrx_word' id='word_1_282' title='bbox 1278 3636 1447 3704; x_wconf 90' lang='lat' dir='ltr'><strong>inhaerere</strong></span> <span class='ocrx_word' id='word_1_283' title='bbox 1477 3646 1578 3721; x_wconf 87' lang='lat' dir='ltr'><strong>putat.</strong></span> 
     </span>
     <span class='ocr_line' id='line_1_33' title="bbox 402 3739 1580 3826; baseline -0.003 -18"><span class='ocrx_word' id='word_1_284' title='bbox 402 3747 449 3812; x_wconf 85' lang='lat' dir='ltr'><strong>Cf.</strong></span> <span class='ocrx_word' id='word_1_285' title='bbox 473 3743 550 3808; x_wconf 89' lang='lat' dir='ltr'><strong>ibid.</strong></span> <span class='ocrx_word' id='word_1_286' title='bbox 573 3763 604 3825; x_wconf 94' lang='lat' dir='ltr'><strong>p.</strong></span> <span class='ocrx_word' id='word_1_287' title='bbox 628 3743 709 3806; x_wconf 77' lang='lat' dir='ltr'><strong>l68:</strong></span> <span class='ocrx_word' id='word_1_288' title='bbox 737 3762 753 3799; x_wconf 82' lang='lat' dir='ltr'><strong>u</strong></span> <span class='ocrx_word' id='word_1_289' title='bbox 763 3743 850 3804; x_wconf 88' lang='lat' dir='ltr'><strong>Idem</strong></span> <span class='ocrx_word' id='word_1_290' title='bbox 873 3739 935 3806; x_wconf 91' lang='lat' dir='ltr'><strong>dici</strong></span> <span class='ocrx_word' id='word_1_291' title='bbox 957 3743 996 3806; x_wconf 88' lang='lat' dir='ltr'><strong>de</strong></span> <span class='ocrx_word' id='word_1_292' title='bbox 1018 3740 1131 3807; x_wconf 90' lang='lat' dir='ltr'><strong>Politia</strong></span> <span class='ocrx_word' id='word_1_293' title='bbox 1153 3747 1266 3824; x_wconf 87' lang='lat' dir='ltr'><strong>potest,</strong></span> <span class='ocrx_word' id='word_1_294' title='bbox 1289 3741 1323 3806; x_wconf 91' lang='lat' dir='ltr'><strong>in</strong></span> <span class='ocrx_word' id='word_1_295' title='bbox 1345 3763 1407 3826; x_wconf 91' lang='lat' dir='ltr'><strong>qua</strong></span> <span class='ocrx_word' id='word_1_296' title='bbox 1429 3745 1468 3826; x_wconf 80' lang='lat' dir='ltr'><strong>de</strong></span> <span class='ocrx_word' id='word_1_297' title='bbox 1489 3743 1580 3806; x_wconf 87' lang='lat' dir='ltr'><strong>iusti·</strong></span> 
     </span>
     <span class='ocr_line' id='line_1_34' title="bbox 399 3841 1579 3930; baseline -0.003 -16"><span class='ocrx_word' id='word_1_298' title='bbox 399 3849 444 3914; x_wconf 92' lang='lat' dir='ltr'><strong>tia</strong></span> <span class='ocrx_word' id='word_1_299' title='bbox 471 3841 641 3930; x_wconf 88' lang='lat' dir='ltr'><strong>disputatio</strong></span> <span class='ocrx_word' id='word_1_300' title='bbox 677 3844 865 3920; x_wconf 91' lang='lat' dir='ltr'><strong>instituitur,</strong></span> <span class='ocrx_word' id='word_1_301' title='bbox 897 3843 941 3909; x_wconf 87' lang='lat' dir='ltr'><strong>ita</strong></span> <span class='ocrx_word' id='word_1_302' title='bbox 971 3852 1007 3908; x_wconf 94' lang='lat' dir='ltr'><strong>ut</strong></span> <span class='ocrx_word' id='word_1_303' title='bbox 1035 3843 1091 3910; x_wconf 91' lang='lat' dir='ltr'><strong>ubi</strong></span> <span class='ocrx_word' id='word_1_304' title='bbox 1124 3844 1321 3911; x_wconf 84' lang='lat' dir='ltr'><strong>Polemarchi</strong></span> <span class='ocrx_word' id='word_1_305' title='bbox 1350 3853 1381 3910; x_wconf 90' lang='lat' dir='ltr'><strong>et</strong></span> <span class='ocrx_word' id='word_1_306' title='bbox 1411 3845 1579 3910; x_wconf 86' lang='lat' dir='ltr'><strong>Glauconis</strong></span> 
     </span>
     <span class='ocr_line' id='line_1_35' title="bbox 401 3947 1579 4034; baseline -0.001 -19"><span class='ocrx_word' id='word_1_307' title='bbox 401 3947 688 4034; x_wconf 80' lang='lat' dir='ltr'><strong>(Thrasymachi‘t)</strong></span> <span class='ocrx_word' id='word_1_308' title='bbox 715 3949 899 4013; x_wconf 87' lang='lat' dir='ltr'><strong>sententiam</strong></span> <span class='ocrx_word' id='word_1_309' title='bbox 923 3949 1071 4015; x_wconf 86' lang='lat' dir='ltr'><strong>Socrates</strong></span> <span class='ocrx_word' id='word_1_310' title='bbox 1091 3949 1253 4025; x_wconf 81' lang='lat' dir='ltr'><strong>refutarit,</strong></span> <span class='ocrx_word' id='word_1_311' title='bbox 1282 3967 1341 4014; x_wconf 90' lang='lat' dir='ltr'><strong>nee</strong></span> <span class='ocrx_word' id='word_1_312' title='bbox 1362 3969 1451 4014; x_wconf 86' lang='lat' dir='ltr'><strong>suam</strong></span> <span class='ocrx_word' id='word_1_313' title='bbox 1471 3955 1579 4015; x_wconf 84' lang='lat' dir='ltr'><strong>tumen</strong></span> 
     </span>
     <span class='ocr_line' id='line_1_36' title="bbox 399 4050 1578 4139; baseline -0.001 -20"><span class='ocrx_word' id='word_1_314' title='bbox 399 4058 468 4139; x_wconf 85' lang='lat' dir='ltr'><strong>ipse</strong></span> <span class='ocrx_word' id='word_1_315' title='bbox 496 4051 678 4137; x_wconf 85' lang='lat' dir='ltr'><strong>protulerit,</strong></span> <span class='ocrx_word' id='word_1_316' title='bbox 710 4060 776 4116; x_wconf 88' lang='lat' dir='ltr'><strong>tum</strong></span> <span class='ocrx_word' id='word_1_317' title='bbox 802 4050 909 4127; x_wconf 85' lang='lat' dir='ltr'><strong>addat,</strong></span> <span class='ocrx_word' id='word_1_318' title='bbox 943 4052 1057 4118; x_wconf 86' lang='lat' dir='ltr'><strong>melius</strong></span> <span class='ocrx_word' id='word_1_319' title='bbox 1078 4054 1229 4118; x_wconf 85' lang='lat' dir='ltr'><strong>iustitiam</strong></span> <span class='ocrx_word' id='word_1_320' title='bbox 1251 4055 1283 4117; x_wconf 95' lang='lat' dir='ltr'><strong>ln</strong></span> <span class='ocrx_word' id='word_1_321' title='bbox 1305 4054 1449 4126; x_wconf 85' lang='lat' dir='ltr'><strong>civitate,</strong></span> <span class='ocrx_word' id='word_1_322' title='bbox 1483 4073 1578 4136; x_wconf 89' lang='lat' dir='ltr'><strong>quam</strong></span> 
     </span>
     <span class='ocr_line' id='line_1_37' title="bbox 399 4155 1579 4242; baseline -0.003 -19"><span class='ocrx_word' id='word_1_323' title='bbox 399 4158 434 4224; x_wconf 93' lang='lat' dir='ltr'><strong>in</strong></span> <span class='ocrx_word' id='word_1_324' title='bbox 461 4157 586 4242; x_wconf 79' lang='lat' dir='ltr'><strong>privato</strong></span> <span class='ocrx_word' id='word_1_325' title='bbox 608 4157 770 4239; x_wconf 83' lang='lat' dir='ltr'><strong>cognosci,</strong></span> <span class='ocrx_word' id='word_1_326' title='bbox 804 4163 892 4239; x_wconf 76' lang='lat' dir='ltr'><strong>atque</strong></span> <span class='ocrx_word' id='word_1_327' title='bbox 916 4157 961 4221; x_wconf 81' lang='lat' dir='ltr'><strong>ita</strong></span> <span class='ocrx_word' id='word_1_328' title='bbox 988 4157 1023 4220; x_wconf 85' lang='lat' dir='ltr'><strong>de</strong></span> <span class='ocrx_word' id='word_1_329' title='bbox 1053 4155 1111 4220; x_wconf 72' lang='lat' dir='ltr'><strong>suo</strong></span> <span class='ocrx_word' id='word_1_330' title='bbox 1136 4157 1193 4222; x_wconf 79' lang='lat' dir='ltr'><strong>illc</strong></span> <span class='ocrx_word' id='word_1_331' title='bbox 1217 4158 1376 4240; x_wconf 71' lang='lat' dir='ltr'><strong>repacuco</strong></span> <span class='ocrx_word' id='word_1_332' title='bbox 1396 4157 1579 4221; x_wconf 78' lang='lat' dir='ltr'><strong>instituenda</strong></span> 
     </span>
     <span class='ocr_line' id='line_1_38' title="bbox 399 4261 1579 4347; baseline -0.001 -18"><span class='ocrx_word' id='word_1_333' title='bbox 399 4281 566 4330; x_wconf 80' lang='lat' dir='ltr'><strong>sernwocm</strong></span> <span class='ocrx_word' id='word_1_334' title='bbox 586 4261 783 4339; x_wconf 77' lang='lat' dir='ltr'><strong>exordiatur,</strong></span> <span class='ocrx_word' id='word_1_335' title='bbox 820 4279 906 4344; x_wconf 81' lang='lat' dir='ltr'><strong>quem</strong></span> <span class='ocrx_word' id='word_1_336' title='bbox 921 4280 980 4344; x_wconf 84' lang='lat' dir='ltr'><strong>per</strong></span> <span class='ocrx_word' id='word_1_337' title='bbox 999 4275 1104 4328; x_wconf 80' lang='lat' dir='ltr'><strong>novem</strong></span> <span class='ocrx_word' id='word_1_338' title='bbox 1125 4261 1217 4328; x_wconf 71' lang='lat' dir='ltr'><strong>utros</strong></span> <span class='ocrx_word' id='word_1_339' title='bbox 1237 4281 1330 4347; x_wconf 78' lang='lat' dir='ltr'><strong>usque</strong></span> <span class='ocrx_word' id='word_1_340' title='bbox 1350 4261 1391 4328; x_wconf 72' lang='lat' dir='ltr'><strong>all</strong></span> <span class='ocrx_word' id='word_1_341' title='bbox 1410 4270 1579 4328; x_wconf 72' lang='lat' dir='ltr'><strong>extrenum</strong></span> 
     </span>
    </p>
   </div>
   <div class='ocr_carea' id='block_1_3' title="bbox 0 0 1676 5234">
    <p class='ocr_par' dir='ltr' id='par_1_3' title="bbox 0 0 1676 5234">
     <span class='ocr_line' id='line_1_39' title="bbox 0 0 1676 5234; baseline 0 0"><span class='ocrx_word' id='word_1_342' title='bbox 0 0 1676 5234; x_wconf 95' lang='lat' dir='ltr'><strong> </strong></span> 
     </span>
    </p>
   </div>
  </div>
 </body>
</html>
