3312 5238
547 423 590 454 u
631 391 696 471 '1'05
736 420 780 454 ··-

79 557 286 648 5eserip'serit
300 561 487 640 eiritutem,
532 581 603 630 esse
632 566 718 630 enim
744 559 838 630 ’λιοιιι
872 559 1078 632 acnuam
1109 563 1146 630 Ιιλ
1166 558 1258 632 'veriti

77 669 187 749 ipsum
198 667 527 755 niti'seientiaaiiqua.
565 670 684 746 Quaeri
703 667 816 753 igitur,
840 685 975 754 quanam
986 669 1130 734 seientia.
1172 671 1259 736 Enu-

77 777 243 835 merantur
270 769 419 857 deinceps
444 770 563 837 muitae
589 779 690 848 artes,
722 791 858 857 quarum
880 779 927 838 est
948 793 1000 837 res
1021 773 1061 836 ad
1084 774 1182 838 vitem
1203 791 1260 838 ιιι·

77 872 233 940 censarius
247 889 445 957 comparare.
482 878 599 940 Earum
617 884 723 940 tamen
738 878 857 960 nullam
873 871 1059 958 sapientiam
1073 873 1259 960 dieipos'se.

75 981 189 1064 ltaque
211 979 339 1044 tandem
359 971 536 1062 interr'ogat
558 981 721 1047 Socrates:
759 981 807 1044 Τι’
834 973 885 1044 δ’·
875 1031 883 1062 ,
913 965 1066 1060 ἦιδ”
1050 974 1135 1065 εγώ·
1167 978 1259 1048 ἔστι

74 1107 143 1158 τις
177 1075 376 1166 ἐπιστήμη
399 1081 440 1148 ὲν
461 1105 506 1175 τῃ
534 1078 627 1172 ἄρτι
655 1077 717 1175 ὑφ’
746 1077 859 1170 ημῶν
874 1077 1118 1176 οικιοθιίσῃ
1147 1077 1260 1172 παρά

76 1207 167 1250 τισι
189 1185 267 1250 τῶν
283 1184 490 1265 πολιτῶν,
518 1179 730 1272 ἡοιλχιλπὲ
739 1186 857 1277 ρτῶν
879 1187 917 1253 ἕιι
938 1211 984 1280 τῃ
969 1154 1125 1253 πόλει
1146 1182 1259 1264 τινὸς

75 1282 346 1373 βουλεύεται,
376 1282 506 1354 555⁶
488 1295 565 1354 υπὲ
575 1312 596 1377 p
623 1284 754 1370 αὐτῆς
782 1280 895 1372 ὅλης,
925 1281 1074 1356 ὅντινα
1101 1283 1259 1380 τρόπον

73 1387 182 1473 αὐτή
221 1415 259 1457 τε
295 1387 400 1480 πρὸς
434 1385 563 1474 οιῦτήν
599 1397 669 1458 καὶ
700 1388 805 1480 πρὸς
842 1389 916 1470 τὰς
948 1389 1080 1471 ἄλλοις
1112 1387 1259 1470 πόλεις

77 1493 234 1587 ἄριστοι
264 1489 427 1581 διπλοῖς
454 1491 578 1562 Ἔστι
607 1499 763 1581 μέντοι
813 1495 952 1574 Τίς,”
931 1507 1038 1626 ἐφηιι
1062 1493 1155 1584 ἐγώ,
1193 1499 1260 1563 κοιλ

77 1601 116 1666 ἐν
140 1599 264 1680 τὶσινς
294 1584 1260 1692 A515‚55'59‚5555eusa5,xaia'vcov'ssctc

77 1707 170 1780 τοῖς
200 1697 405 1792 ἄρχουσιν
434 1695 505 1780 οιλς
534 1701 605 1768 νῦν
633 1699 683 1822 55
703 1705 869 1780 τελέοις
869 1696 1127 1828 5555555¹³
1106 1698 1260 1791 evcpn'c·

76 1809 218 1892 ζομοιι
267 1801 345 1873 Διὰ
361 1800 523 1886 ταύτην
545 1792 616 1872 οὗιι
638 1802 710 1886 τὴν
715 1800 976 1930 ἐπιστήμην
986 1807 1025 1874 τί
1046 1804 1119 1890 τὴν
1137 1803 1260 1875 πόλιν

76 1903 434 2001 προσαποριύειςι
421 1905 688 1990 ,Εὔθοιιλοιι,
700 1907 807 2000 ἔφη,
834 1906 1258 2012 καὶτῶὅιτιοοφήν.

75 2036 111 2099 p
137 2015 212 2090 528,
238 2013 274 2077 G.
297 2014 346 2082 St.
389 2013 477 2088 Quos
499 2029 597 2096 quam
619 2014 795 2078 omnibns
785 2015 825 2077 ris
847 2013 901 2100 qui
923 1979 1024 2082 ιιιλοιιι
1043 1999 1183 2100 aliquam
1205 2014 1260 2080 ha·

74 2117 176 2184 beant
206 2115 307 2182 multo
341 2115 508 2202 panciores
541 2134 676 2180 numere
713 2135 783 2182 esse
817 2115 969 2192 dixisset,
1007 2118 1164 2185 concludit
1197 2121 1257 2187 ita:

78 2222 238 2286 «Minima
258 2217 355 2304 igitur
377 2228 469 2304 gente
492 2228 524 2284 et
544 2229 634 2307 parte
654 2241 726 2295 sua,
750 2227 783 2284 et
810 2220 941 2288 scientia
963 2243 1045 2307 quae
1067 2223 1140 2288 huia
1162 2223 1257 2301 inest,

75 2325 217 2410 principi
237 2332 272 2389 et
291 2325 470 2410 imperanti,
492 2317 788 2408 uriver555p5nn
810 2330 981 2393 secundum
1002 2335 1148 2392 naturam
1160 2327 1261 2392 'insti-

75 2438 147 2494 tuta
169 2427 298 2494 civitas:
321 2435 424 2514 ‘atque
446 2427 495 2501 id,
526 2436 563 2492 ut
584 2429 726 2502 videtur,
763 2435 876 2494 natura
898 2431 1120 2514 paucissimum
1145 2445 1257 2514 genus,

74 2536 131 2600 'cui
154 2531 305 2598 convenit
325 2533 418 2596 hnius
441 2533 590 2598 scientiae
611 2530 771 2615 particeps
788 2530 869 2608 fieri,
895 2549 988 2617 quam
1009 2537 1110 2600 seiam
1124 2535 1260 2617 ‘sapien-

78 2640 155 2702 tiam
178 2634 338 2702 nominari
363 2643 499 2722 oportet.
551 2621 742 2727 verissime,
772 2634 891 2722 inquit,
923 2639 1011 2700 dieis.
1061 2639 1131 2702 Ηοο
1163 2637 1260 2722 igitai

80 2761 179 2806 unum
201 2761 241 2804 ex
258 2745 398 2825 quatuor
417 2740 525 2805 nescio
548 2758 612 2823 quo
631 2741 731 2804 mede
749 2739 938 2816 invenimus,
963 2759 1032 2804 cum
1055 2743 1169 2824 ipsum,
1192 2748 1260 2808 tum

80 2865 142 2931 qno
173 2846 246 2908 λοοο
271 2842 407 2908 civitatis
432 2840 697 2934 deprehendatur.
749 2841 826 2908 Mihi
846 2863 945 2920 vero,
979 2844 1100 2929 inquit,
1116 2844 1261 2912 videtur

79 2947 275 3014 sufficienter
302 2949 465 3012 inventurn
494 2962 598 3012 esse.»
653 2947 700 3011 Cf.
725 2944 781 3012 lib.
805 2949 857 3012 lv.
880 2969 913 3030 p.
938 2949 1010 3012 me
1033 2950 1071 3012 Α.
1096 2950 1147 3013 St.
1188 2951 1259 3014 Nun

79 3071 249 3138 possumus
276 3049 557 3117 Schleiermacheri
584 3053 622 3148 tie
650 3052 713 3115 hoc
734 3049 806 3115 leco
831 3031 989 3115 iudicium
1007 3041 1132 3116 erientio
1157 3058 1259 3116 trans-

79 3157 227 3224 mittere.
265 3156 312 3220 Cf.
337 3177 370 3238 p.
395 3159 446 3219 λλ.
470 3153 601 3233 introd.,
623 3151 679 3218 ubi
701 3153 776 3218 dicit
799 3153 1000 3239 perspicuum
1021 3174 1110 3230 esse,
1135 3156 1258 3219 etiamsi

79 3260 111 3324 in
132 3263 194 3324 hac
215 3257 324 3342 operis
345 3265 436 3341 parte
459 3205 694 3341 diligentissime
717 3256 823 3322 omnia
838 3257 877 3322 ad
893 3257 1051 3322 civitatem
1066 3256 1256 3335 referantur,

80 3373 184 3430 tamen
215 3361 308 3426 etiam
337 3359 534 3444 singulorum
562 3360 684 3425 animos
704 3379 832 3444 semper
852 3363 886 3426 in
907 3367 1107 3426 antecessum
1127 3363 1256 3447 respici.

78 3472 125 3534 lta
145 3465 330 3550 phiiosophi
350 3463 516 3549 placitum,
550 3485 613 3528 nen
635 3485 698 3530 una
719 3461 822 3548 aliqua
845 3467 975 3530 scientia
989 3480 1107 3529 *earum
1126 3484 1256 3541 rerum,

78 3591 162 3656 quae
184 3569 363 3634 incivitate
392 3569 468 3642 sint,
501 3569 556 3632 sed
584 3575 705 3633 tantum
727 3568 859 3632 scientia
879 3569 1014 3632 civitatis
1036 3567 1135 3653 ipsius
1161 3572 1260 3633 ratic·

76 3678 193 3760 nisque
212 3691 278 3756 qua
300 3671 357 3748 sit,
389 3673 564 3754 sapientem
592 3669 663 3735 fieri
684 3670 860 3745 civitatem,
887 3671 1057 3757 praecipue
1078 3669 1151 3736 ideo
1175 3673 1260 3758 pesi-
1340 3679 1341 3682 ’
1465 3721 1469 3728 .

77 3787 146 3842 tum
168 3774 282 3851 videri,
306 3771 391 3860 qued
413 3773 446 3840 id
468 3777 507 3838 ad
529 3773 668 3842 animum
689 3772 856 3839 transferri
877 3774 988 3860 possit.
1026 3776 1149 3840 Eodem
1164 3773 1258 3840 modo

77 3881 283 3947 iudicandum
314 3887 384 3944 'esse
414 3881 453 3942 de
483 3898 522 3942 eo
550 3881 635 3964 quod
663 3876 869 3963 philosophus
897 3880 979 3942 hanc
1001 3877 1164 3942 scientiam
1186 3899 1260 3964 per-

76 3983 187 4072 paucis
210 3989 329 4047 tantum
350 3983 569 4047 inessesuieat.
612 3984 690 4046 Nam
712 3980 806 4046 huius
829 3977 1103 4046 eiiativeritatem
1124 3979 1259 4048 fortasse

78 4110 152 4155 cum
179 4088 393 4152 successuris
422 4085 549 4150 civitate
575 4084 755 4186 impugnari
786 4103 894 4167 posse,
928 4084 1204 4168 animiquecausa
1225 4087 1259 4150 id

76 4192 218 4277 pesitum
239 4187 354 4254 videri.
398 4189 527 4258 Etiamsi
551 4189 635 4252 enim
658 4189 772 4252 mirum
794 4191 835 4252 sit
856 4189 983 4265 auditu,
1012 4189 1167 4254 rationem
1189 4207 1258 4252 esse

76 4295 242 4361 minimam
270 4291 366 4359 animi
394 4300 514 4375 partem
533 4301 548 4358 ι’
576 4299 681 4356 tamen
706 4293 857 4377 proiecte
885 4289 1067 4360 facultatem
1092 4289 1256 4380 cupiendi,
