3298 5232
444 543 545 638 οαχὺ
572 531 708 617 πάντα
737 547 978 630 διεξελθεῖν
1004 548 1169 636 μᾶλλον
1189 541 1390 636 βραδύνω·
1419 547 1500 631 ἑξῆς
1521 546 1575 642 γὰρ

445 639 573 720 οὖσαν
599 649 670 734 τὴν
697 648 866 738 βάθους
893 647 1022 734 αὐξῆς
1048 655 1255 739 μέθοδον,
1262 643 1346 719 «ὅτι
1372 652 1416 746 τῇ
1440 648 1576 776 ζητίρει

444 756 641 842 γελοίως
663 755 772 843 ἔχει,
813 749 997 845 ὑπερβὰς
1039 751 1171 837 αὐτὴν
1210 751 1314 842 μετὰ
1354 756 1577 844 γεωμετρίαν

444 853 728 950 ἀστρονομίαν
749 858 902 944 ἔλεγον,
926 855 1061 952 φορὰν
1083 846 1208 926 οὖσαν
1228 853 1405 944 βάθους
1440 853 1576 946 Ὀρθῶς,

443 961 540 1054 ἔφη,
567 965 712 1050 λέγεις.
764 963 1154 1082 Τέταρτοντοίναν,Ι
1178 949 1324 1044 alud*
1298 957 1398 1048 syci,
1426 961 1614 1090 cariunpo1

347 1095 350 1102 ⁴
442 1060 669 1154 μάθημα’
650 1066 954 1156 αστρονομίαν,
982 1059 1577 1186 ὡςὺμαρχοίυηςνῆςνῦνιια-

443 1171 774 1292 ρἀλειπαμίνης,
797 1165 868 1235 ἐὰν
889 1164 1020 1249 αὐτὴν
1041 1163 1161 1246 πόλις
1182 1167 1311 1261 ματίῃ.
1355 1165 1447 1246 Quod
1466 1169 1576 1233 Socrates

442 1265 475 1339 in
495 1275 544 1339 iis¹
558 1277 670 1340 suadet
690 1293 772 1360 quae
792 1293 857 1340 non
879 1271 1113 1355 adscripsimus.
1159 1270 1204 1336 Gi.
1224 1291 1258 1357 p.
1282 1274 1364 1340 527.
1375 1275 1454 1336 extr.
1476 1271 1514 1335 St
1613 1275 1614 1296 ¹

527 1376 585 1442 llis
602 1381 745 1445 docetur
770 1377 905 1462 primum
929 1374 1013 1442 serio
1036 1384 1127 1440 antea
1147 1374 1309 1440 Platonem
1331 1373 1448 1439 dixisse
1467 1373 1578 1438 aritine

441 1480 537 1544 ticnm
564 1486 596 1544 et
624 1479 829 1564 geometriam
857 1477 1045 1544 militaribus
1065 1477 1142 1546 viris
1164 1499 1234 1544 esse
1256 1478 1380 1552 utilem,
1412 1497 1468 1542 nec
1494 1476 1577 1542 iniuria

442 1602 501 1648 uos
514 1587 662 1648 xstatuere
690 1582 723 1648 in
752 1582 791 1648 iis
813 1580 972 1647 tradendis
994 1581 1172 1659 Πολιτείας
1192 1581 1349 1648 rationem
1371 1579 1488 1646 baberi.
1525 1583 1577 1644 lltn
1613 1597 1614 1608 ¹

442 1684 518 1772 quid
539 1688 669 1753 omnino
690 1685 764 1752 tolia
785 1704 1036 1756 commemorare
1059 1705 1138 1772 opus
1161 1691 1246 1760 erat,
1280 1686 1362 1750 siin
1385 1684 1434 1750 bis
1454 1689 1490 1749 de
1507 1681 1578 1768 phile

441 1791 550 1874 sophis
576 1789 797 1867 solummodo,
830 1809 889 1854 nec
918 1787 957 1856 de
985 1787 1181 1875 pbilosophis
1203 1786 1436 1873 magistratibus
1458 1795 1487 1854 et
1504 1789 1614 1871 llepu
1613 1839 1614 1962 ρ

441 1892 522 1958 blica
544 1912 650 1959 sermo
671 1899 774 1959 essct?

527 1999 591 2064 Cur
609 1998 662 2062 bio
683 1997 842 2062 Platonem
864 1997 904 2061 de
926 1993 1118 2062 astronomia
1138 1999 1201 2060 iam
1215 1994 1321 2061 dicere
1336 2015 1444 2070 orsum
1456 2014 1521 2060 enm
1536 2009 1577 2056 ser
1613 1919 1614 2104 l

440 2119 567 2166 monem
587 2099 784 2185 relinquere,
813 2107 844 2164 et
865 2103 905 2165 de
926 2091 1144 2165 stereometria
1165 2098 1304 2183 primum
1319 2100 1426 2164 dicere
1447 2099 1576 2182 putenul

441 2207 522 2271 llum
544 2201 696 2268 credibile
719 2211 767 2268 est
790 2205 963 2279 Socratem,
990 2223 1087 2288 quum
1109 2207 1149 2268 de
1171 2204 1363 2270 astronomia
1385 2202 1489 2268 dicere
1504 2198 1576 2269 relat
1613 2199 1614 2210 ²

439 2311 579 2372 nondum
600 2309 748 2382 tenuisse,
771 2305 857 2392 quod
871 2309 910 2372 de
924 2305 1142 2374 stereometria
1156 2305 1322 2374 dicendum
1337 2309 1440 2370 essetl
1466 2307 1535 2368 Num
1546 2298 1577 2365 sal
1613 2367 1614 2370 ,

440 2408 600 2476 minimam
614 2409 681 2475 veri
692 2412 829 2496 speeiem
844 2407 947 2484 habet,
963 2409 1125 2475 Platonem
1140 2412 1173 2474 in
1189 2429 1288 2493 opere
1299 2417 1362 2474 tam
1373 2405 1527 2494 praeclaro
1537 2413 1577 2468 tan
1613 2433 1614 2440 ν

440 2521 560 2579 temere
583 2512 754 2598 quidquam
776 2511 945 2580 effudisse?
972 2511 1203 2578 detendendum
1222 2513 1321 2596 igitur
1342 2507 1431 2597 qnod
1449 2509 1518 2576 dicit
1533 2527 1577 2572 an

393 2635 395 2640 ’
440 2616 601 2683 scientiam
624 2626 691 2682 tum
712 2620 853 2683 nondum
874 2616 1126 2684 inventamcsse.
1170 2618 1263 2694 Quod
1278 2615 1304 2680 si
1317 2615 1417 2700 igitnr
1430 2635 1495 2680 eam
1507 2613 1577 2676 suin

439 2721 473 2786 in
495 2719 730 2806 disciplinarum
751 2723 883 2786 eborum
896 2721 1079 2803 recepisset,
1103 2741 1122 2784 a
1136 2719 1410 2787 verisimilitudine
1424 2727 1456 2784 et
1466 2715 1577 2781 facitne

440 2823 556 2910 dialogi
570 2823 762 2889 recessisset.
790 2827 870 2889 Nam
884 2823 1064 2890 verosimile
1079 2843 1143 2888 non
1158 2831 1226 2888 erat
1240 2825 1434 2889 Glauconem
1449 2829 1577 2886 stereome-

440 2926 530 3004 trine,
553 2929 629 2993 artis
644 2936 709 2993 tom
725 2947 835 3012 parurn
849 2936 903 2994 ant
917 2944 980 2993 non
991 2929 1145 3012 cognitae,
1169 2933 1278 3013 sponte
1293 2926 1483 2992 mentionem
1496 2925 1577 2988 inum

440 3033 550 3117 ltaque
571 3039 608 3096 nt
628 3034 781 3098 sermonis
801 3029 962 3098 familiaris
984 3033 1121 3118 speciem
1143 3031 1340 3111 assimilaret,
1362 3032 1417 3116 qni
1432 3036 1531 3116 sponte
1543 3040 1578 3088 sut
1613 3111 1614 3114 ρ

437 3133 577 3222 profluit,
588 3155 647 3202 nec
662 3135 887 3221 praemeditata
899 3143 931 3200 et
944 3133 1087 3200 ordinata
1101 3133 1207 3202 omnia
1221 3133 1335 3200 afferre
1351 3133 1514 3205 uideretur,
1523 3131 1578 3194 inter

440 3238 685 3324 colloquendum
707 3242 835 3304 demum
855 3254 932 3304 enm·
947 3237 1143 3322 disciplinam
1164 3241 1313 3304 omissam
1342 3257 1412 3302 esse
1438 3255 1471 3302 se
1493 3231 1578 3299 muln

440 3339 575 3408 simulat.
607 3341 702 3410 Vides
716 3345 812 3428 igitur
822 3342 985 3408 Platonem
999 3344 1103 3426 ipsum
1115 3342 1261 3429 exemplo
1275 3339 1433 3408 illustrare
1446 3355 1529 3424 οοωο
1541 3349 1579 3397 nst

439 3448 473 3511 iu
502 3443 689 3530 explicando
720 3466 820 3530 opere
845 3449 1013 3530 sequimur
1039 3450 1213 3522 rationem,
1246 3465 1285 3512 ac
1302 3452 1392 3531 potes
1414 3443 1485 3510 inde
1504 3434 1579 3504 conia

440 3556 561 3615 eturam
582 3547 707 3625 lacere,
731 3549 809 3634 quid
831 3556 923 3635 potes
944 3549 1144 3616 statuendum
1160 3548 1267 3616 'oderi
1289 3547 1328 3613 de
1349 3546 1424 3615 libri
1443 3537 1580 3631 quintiini·

438 3655 484 3718 tio
504 3672 536 3739 p.
561 3653 756 3717 tto—tsi.
781 3655 844 3730 St.;
874 3656 914 3718 de
944 3673 983 3718 co
1008 3656 1082 3719 loeo
1110 3655 1167 3738 qui
1194 3660 1242 3718 est
1268 3650 1342 3717 libri
1362 3649 1463 3736 quinti
1482 3667 1510 3734 p.
1528 3643 1578 3707 lii·

438 3764 519 3821 extr.
544 3759 589 3821 St.
614 3755 746 3843 allisque
770 3755 936 3833 similibus,
961 3760 1002 3822 de
1022 3757 1166 3845 quibus
1157 3774 1219 3822 sam
1240 3756 1361 3821 dictum
1383 3761 1443 3819 est.

524 3861 562 3924 Ut
583 3859 721 3946 reliquas
743 3868 827 3925 artes
849 3859 891 3926 ila
910 3865 1003 3926 ctiam
1019 3860 1242 3926 astronomiam
1257 3869 1292 3926 et
1302 3857 1503 3931 harmoniam,
1523 3863 1579 3938 qud
1613 3863 1614 3934 l

438 3961 597 4049 pertinent
618 3966 657 4028 nd
680 3964 804 4030 diversa
826 3969 929 4029 motus
951 3983 1079 4047 genera,
1103 3985 1176 4030 enm
1197 3968 1229 4029 in
1250 3961 1346 4029 linem
1364 3970 1458 4047 etque
1471 3961 1511 4022 ita
1524 3947 1614 4018 disci

439 4062 558 4130 debere
579 4065 742 4145 existimat,
764 4075 800 4132 ut
819 4077 1049 4153 praeparentur
1068 4076 1188 4133 mentes
1211 4071 1250 4132 ad
1273 4067 1515 4153 cognoscendam
1533 4055 1579 4121 dit·

438 4172 582 4236 lecticam
618 4181 717 4237 artem
750 4183 776 4237 s.
812 4171 984 4238 doctrinam
1011 4173 1171 4247 ideam,
1206 4193 1339 4258 quarum
1368 4169 1527 4258 praecipua
1549 4161 1580 4222 est

437 4277 513 4342 idea
533 4276 618 4342 boni.
662 4277 699 4340 ld
726 4273 823 4359 igitur
850 4281 886 4341 nt
912 4274 1070 4343 verelint
1097 4278 1270 4342 curandum
1295 4292 1364 4340 esse
1390 4274 1493 4358 legum
1512 4258 1580 4330 latori
