3312 5238
564 401 795 468 atti.-

80 568 166 628 sunt
212 560 351 640 Secundi
370 559 460 639 libri
466 561 557 644 initio
576 561 770 648 postulatum
788 568 858 629 erat
877 581 896 628 a
912 561 1044 628 Socrate
1066 567 1103 628 ut
1120 559 1261 640 doceret,

80 673 191 733 ιιιιιιιιι
226 685 301 732 rere
333 673 511 763 praestaret
544 667 661 733 iustum
692 687 761 737 esse
794 687 835 732 an
863 663 1037 758 iniustum,
1075 671 1106 730 ct
1137 667 1264 738 ridetur

79 770 186 836 omnis
211 767 252 836 de
272 750 453 887 republica
462 765 569 834 habita
593 771 765 853 disputatio
790 773 872 838 bane
900 771 941 836 ob
969 789 1095 836 causam
1120 768 1260 846 institui,

79 881 111 938 et
126 874 161 938 ιιι
171 893 270 940 unum
296 872 398 949 omnis
422 893 528 945 sermo
548 881 703 956 spectare.
747 875 841 952 Quod
870 875 897 952 si
918 882 996 939 vero
1018 894 1071 941 res
1097 873 1141 936 ita
1162 879 1258 950 essct,

76 978 159 1052 iam,
190 975 353 1059 explicata,
377 975 515 1059 iustitiae
547 975 784 1062 iniustitiaeque
815 997 893 1059 vera
921 985 1051 1054 natura,
1089 975 1261 1062 legentium

77 1079 344 1166 audientiumque
364 1079 528 1160 voluptati·
544 1083 671 1154 ιιιιιιιιιι
691 1079 885 1153 satisfactum
907 1088 986 1157 erat,
1014 1101 1073 1146 nec
1087 1082 1261 1166 quisquam

76 1191 252 1268 praeterea
280 1185 453 1268 quidquam
477 1181 690 1262 desideraret,
721 1186 780 1255 nisi
807 1187 952 1250 Socrates
975 1181 1044 1268 ipse
1068 1183 1163 1251 telem
1186 1205 1259 1270 per·

77 1296 231 1363 texeret,
267 1307 386 1353 novum
416 1307 544 1364 assuens
576 1307 769 1366 sermonem,
806 1309 871 1374 quo
894 1290 928 1354 in
960 1287 1139 1361 civitatibus
1166 1287 1261 1354 etiarn

76 1389 268 1456 iniustitiam
302 1413 336 1455 se
369 1411 524 1475 quaerere
557 1390 640 1456 velle
677 1391 761 1461 dicit.
811 1395 882 1457 Non
913 1411 1007 1475 posse
1045 1394 1128 1457 enim
1162 1390 1262 1456 ullum

79 1496 210 1580 pravius
242 1501 461 1578 argumentum
488 1513 552 1582 pro
580 1493 713 1560 colenda
737 1494 874 1571 iustitia,
911 1493 1082 1560 reiicienda
1110 1495 1263 1560 iniustitia

78 1599 190 1664 afferri
218 1595 410 1664 affirmamus
437 1620 487 1675 eo,
512 1601 598 1683 quod
613 1600 654 1663 sit
672 1599 726 1663 illa
747 1603 863 1664 sanitas
884 1601 993 1676 animi,
1017 1601 1097 1666 haec
1119 1595 1263 1676 morbus,

79 1711 112 1768 et
138 1721 223 1787 qnae
247 1699 469 1785 praeteream
485 1701 626 1768 eandem
651 1701 750 1770 tinem
767 1701 952 1790 afferantur,
976 1701 1190 1772 aatmeriora
1213 1701 1262 1768 hie

77 1806 186 1872 rideri
214 1825 274 1870 nec
298 1805 506 1898 necessaria,
529 1812 561 1870 et
575 1806 639 1894 ⁴riu
669 1790 911 1898 aliterhq'ua'm
941 1830 982 1872 ex
1005 1808 1102 1872 nimia
1125 1810 1262 1892 quadam

80 1910 223 1976 Socratis
244 1908 445 1993 loquacitate,
473 1909 669 1995 explicanda,
695 1908 754 1974 nisi
777 1912 810 1974 in
835 1911 961 1978 ιιιιιιιι
976 1931 1081 1977 sermo
1102 1918 1259 1976 versetur.

78 2015 147 2078 Iam
171 2032 251 2078 rere
272 2014 368 2077 etiam
388 2010 574 2097 illodiibet'-
586 2033 754 2098 quaerere,
777 2034 852 2084 ιιιιιιι
869 2016 907 2080 ιιι
928 2033 967 2080 ea
980 2033 1023 2080 -re
1042 2015 1151 2101 operis
1166 2012 1261 2082 finem

7 2153 8 2180 ι
77 2117 220 2204 positum
247 2134 318 2182 esse
340 2115 544 2185 indicandum
570 2116 621 2197 sit,
652 2119 698 2182 de·
713 2139 777 2204 qna
801 2119 828 2183 si
851 2118 987 2204 amplius
1005 2127 1159 2206 quaerere
1180 2117 1261 2195 velis¹

7 2259 9 2304 ÷
77 2215 235 2287 ridendus
263 2220 401 2286 videaris
409 2225 428 2284 ι
452 2223 581 2306 γελοῖον
609 2219 717 2306 ἔμοιγε
745 2221 899 2313 pairarat
928 2218 971 2288 cri
991 2225 1126 2309 ’σκέμμα
1156 2221 1260 2312 pirate,

79 2329 174 2392 σθαι
195 2320 268 2406 ἤδη,
290 2327 334 2388 ait
354 2325 432 2412 ipse.
464 2327 583 2392 Tameia
602 2345 678 2391 vero
694 2331 824 2392 necesse
841 2333 925 2391 esset
943 2327 976 2390 ιιι
996 2325 1261 2410 eiusmodiquae-

7 2465 8 2500 ι
79 2429 187 2496 stione
212 2448 277 2494 sex·
292 2427 434 2513 reliquos
463 2427 562 2494 libros
587 2430 727 2509 versari,
760 2428 1006 2516 sipropositam
1033 2436 1117 2494 esset
1137 2429 1261 2496 Socrati

78 2533 222 2598 iustitiae
242 2533 310 2598 sive
339 2533 404 2596 vim
434 2541 466 2596 ct
493 2539 645 2607 naturam,
662 2533 729 2597 sive
754 2534 977 2616 praestantiam
997 2536 1060 2598 boc
1084 2551 1182 2615 opere
1206 2529 1262 2602 ‹lc-

7 2675 8 2712 2
80 2636 212 2702 clarere.
254 2636 401 2704 Potuitne
423 2634 624 2720 igiturPlate
647 2637 761 2702 fortius
784 2638 964 2722 quembis
967 2634 1263 2705 monereteetores

79 2762 121 2806 ne
151 2738 188 2814 in
223 2738 379 2806 eiusmodi
410 2759 562 2806 errorem
586 2740 783 2806 inciderent?
828 2740 885 2806 Cui
914 2739 1027 2827 porro
1041 2761 1107 2806 non
1143 2739 1261 2808 mima

8 2907 9 2910 ,
79 2845 228 2919 accida,
246 2845 331 2928 quod
349 2842 604 2922 innumerabilia,
629 2859 756 2946 quae
731 2842 817 2910 dicit
838 2863 925 2919 erse,
941 2843 1108 2910 vitiorum
1128 2857 1259 2928 generem

79 2949 120 3013 ad
144 2945 308 3012 civitatum
332 2947 457 3012 diversa
476 2967 595 3032 genera
606 2949 860 3032 restringantur,
885 2967 946 3012 nec
968 2967 1027 3032 pro
1055 2945 1096 3012 iis
1124 2954 1262 3032 quatuor

67 3035 158 3118 'rius
178 3049 349 3116 cardinalia
374 3071 455 3136 qnae
480 3049 576 3133 paulo
590 3059 671 3116 antc
704 3053 795 3136 qnasi
821 3049 983 3127 consulto,
1021 3058 1055 3116 et
1082 3058 1261 3118 atrectare

80 3154 242 3222 iudicandi
281 3155 366 3220 viam
401 3161 607 3230 monstraret,
642 3162 963 3230 commemoraverat,
997 3149 1121 3222 τοιαῦτ’
1154 3148 1259 3229 ἄιτα,

82 3249 188 3348 οἶμαι,
212 3251 438 3350 φήσομενκαὶ
459 3251 664 3345 airu-'roricum
685 3256 832 3349 ταραχὴν
853 3264 908 3324 και
929 3250 1056 3339 πλάνην
1074 3247 1167 3337 εἶναι,
1190 3249 1262 3338 τήν

81 3385 122 3429 τι
145 3357 318 3428 ἀδικίαν
333 3366 412 3429 aral
440 3356 767 3429 exorari-caxae
788 3362 953 3428 δειλίαν
974 3365 1042 3428 και
1061 3354 1261 3447 ἀμαθίαν

80 3470 151 3534 και
174 3459 416 3549 συλλήβδην
436 3465 576 3532 πᾶσαν
597 3466 1018 3545 κακιαιιιιιιιιιιιιιιιιιιιιι

167 3571 251 3634 Num
271 3589 337 3634 nou
355 3570 493 3634 sensisse
513 3568 676 3640 Platonem
694 3565 876 3656 putabimus
891 3609 895 3616 -
908 3569 954 3636 ita
980 3567 1073 3644 fieri,
1098 3576 1145 3638 ut
1168 3566 1262 3652 plura

80 3676 235 3740 vitiorum
251 3689 374 3756 genera
394 3671 446 3755 rel
468 3674 604 3738 maxima
625 3675 755 3739 omnino
782 3694 847 3741 non
866 3676 1175 3741 commemorentur?
1209 3669 1257 3736 Cl.

80 3778 135 3845 lib.
158 3779 228 3844 Vll.
251 3797 283 3860 p.
306 3779 386 3846 518.
400 3779 437 3842 E.
461 3796 529 3862 sqq.
554 3779 604 3847 ed.
629 3779 736 3860 Stepb.
773 3779 855 3841 Num
876 3777 1104 3846 existimarisse
1124 3777 1263 3850 eundem

81 3890 256 3948 statuamus
284 3879 407 3965 singula
431 3877 581 3946 vitiorum
607 3899 722 3966 genera
747 3879 877 3964 singulis
897 3876 1075 3946 civitatibus
1092 3880 1167 3944 ita'
1158 3899 1261 3946 inesse

82 3995 114 4054 et
138 3981 273 4072 propria
298 4004 381 4061 esse,
411 3990 447 4048 nt
465 3981 596 4068 reliquis
621 4003 686 4049 non
707 3983 821 4070 insint?
865 3985 975 4068 Itaque
997 3984 1090 4072 nobis
1114 3984 1261 4075 Socrates

81 4090 144 4157 ista
170 4084 369 4154 simulatione
394 4087 433 4152 de
460 4105 497 4152 ee
517 4107 554 4152 re
576 4107 611 4152 se
633 4095 741 4152 ιιιιιιιι
764 4077 898 4170 amplius
919 4093 1014 4173 atque
1036 4058 1091 4152 ita
1103 4063 1261 4154 dicturum

84 4215 168 4271 esse,
194 4199 231 4256 ιιι
254 4189 377 4275 singula
397 4187 548 4282 vitiorum
575 4209 693 4277 genera
712 4211 753 4256 cx
774 4190 906 4275 singulis
928 4191 1112 4258 civitatibus
1128 4196 1261 4276 repetat,

82 4299 116 4366 id
146 4303 273 4365 secutos
298 4313 368 4362 esee
394 4295 532 4380 ridetur,
561 4304 598 4364 ιιι
621 4294 660 4364 de
683 4293 814 4380 reliquis
837 4297 932 4364 etiam
953 4292 1133 4364 civitatibus
1153 4295 1262 4363 dicere
