3298 5232
569 406 609 420 -
644 372 714 454 215
753 401 799 436 .-

90 531 230 616 dnbitet,
260 532 338 620 quin
364 531 568 620 Reipublicae
590 553 692 610 cansa
721 532 761 613 dp
786 528 838 600 bis
861 529 1053 614 disseruerit
1076 528 1184 614 Plato,
1218 531 1270 601 cui

90 658 205 706 omnes
234 639 308 722 qui,
315 637 539 724 philosophicis
567 636 740 720 disciplinis
768 633 884 703 imbuti
912 655 984 703 nnn·
1005 636 1067 718 aiut
1093 656 1153 702 nee
1166 635 1272 720 perti,-

89 741 180 828 oipes
209 740 299 818 reri,
337 743 401 824 apti
428 760 492 806 non
521 760 590 808 esse
619 738 786 816 videantur
814 739 868 824 qui
885 735 1128 823 uenpnbttcan
1147 745 1270 822 regant,

90 848 180 930 quod
212 865 277 909 non
307 845 446 911 habeant
475 841 571 910 finem
600 863 715 919 unum,
752 843 793 906 ad
826 861 921 925 quem
953 859 1080 911 omnem
1109 839 1270 924 publicam
1364 891 1372 916 t

89 946 313 1034 privatamque
350 948 446 1012 vitam
482 944 622 1032 dirigere
659 951 823 1028 oporteat;
860 941 1055 1029 pbilosophis
1088 951 1195 1024 autern
1228 966 1270 1026 ne

89 1051 171 1136 ipsis
199 1052 327 1136 quidem
354 1052 508 1119 concedat
527 1069 655 1116 omnem
676 1050 772 1116 uitam
793 1049 826 1113 in
846 1048 1065 1131 investigando
1086 1066 1165 1126 vero
1182 1055 1272 1119 uam

90 1155 219 1238 sigere,
256 1155 312 1218 sed
344 1152 549 1238 Reipublicae
576 1172 669 1218 causa
698 1153 801 1218 studia
828 1151 1037 1218 intermittere
1068 1152 1198 1228 iubeat?
1227 1183 1270 1207 -

88 1259 141 1324 Ad
163 1255 196 1322 id
218 1255 312 1322 etiam
335 1258 495 1323 attendant
515 1255 651 1323 lectores
672 1255 784 1330 velim,
813 1256 899 1339 quod
928 1257 989 1323 boc
1011 1255 1052 1318 de
1073 1252 1271 1342 philosophie

90 1359 245 1435 effatum,
278 1381 333 1424 eos
364 1361 457 1425 etiam
490 1357 580 1424 vivos
611 1359 646 1424 in
678 1356 846 1424 beatorum
873 1356 984 1422 insulis
1011 1356 1181 1439 celloratos
1210 1356 1271 1433 sibi

90 1463 206 1537 videri,
227 1482 292 1527 non
312 1483 429 1530 novum
451 1470 511 1538 est,
534 1483 593 1528 nec
615 1465 675 1530 boc
698 1464 824 1529 demum
845 1461 916 1528 loeo
939 1459 1108 1544 prolatum,
1130 1463 1187 1534 aed
1205 1463 1270 1548 iata

89 1568 198 1652 primo
219 1563 421 1652 Reipublicae
442 1563 527 1632 libro
553 1566 647 1632 latius
676 1565 867 1652 expositum.
909 1565 998 1642 ¹erid
1023 1573 1130 1634 autem
1159 1567 1272 1633 edne

90 1673 150 1736 bat
179 1669 262 1737 bane
291 1668 476 1735 sententiam
505 1669 568 1734 iam
595 1667 649 1732 illo
676 1667 747 1735 loco
768 1667 994 1753 pronunciare,
1020 1670 1048 1736 si
1070 1671 1111 1734 de
1132 1668 1272 1754 philote-

90 1771 167 1858 pbis
197 1770 366 1857 disputatio
394 1791 413 1836 a
443 1791 520 1838 vero
542 1774 649 1857 operis
678 1769 741 1836 line
769 1773 872 1836 aliena
901 1777 1005 1840 esset‘t
1048 1773 1145 1840 vides
1168 1771 1271 1856 ,igitur

91 1872 209 1962 quibus
230 1873 466 1941 difficultatibus
487 1872 511 1940 ii
529 1873 749 1960 implicentur,
778 1873 918 1958 quinon
940 1897 1010 1944 esse
1032 1874 1271 1961 Rempnblicaqn

6 2039 7 2070 2
90 1979 126 2046 in
150 1999 212 2064 qua
231 1976 284 2044 bie
306 1998 412 2044 sermo
435 1985 583 2044 versetur
597 1984 747 2058 statuant;
771 1984 892 2054 contra,
916 1998 957 2045 en
978 1979 1268 2065 nostrasententia,
1357 2003 1364 2012 ⁸

91 2086 173 2148 baec
195 2083 303 2149 omnia
324 2083 451 2168 egregie
472 2084 554 2148 inter
575 2102 609 2146 se
631 2101 820 2166 congruere.
868 2081 952 2160 Quid
978 2102 1076 2168 porro
1096 2084 1270 2160 attinebat,

6 2255 7 2258 ,
92 2188 214 2255 sihaec
236 2188 276 2252 de
296 2183 493 2270 pbilosophis
513 2184 748 2270 magistratibus
771 2186 941 2271 disputatio
961 2194 994 2252 ot
1014 2189 1055 2252 ab
1069 2188 1272 2272 inimicorum

93 2287 259 2362 calumniis
293 2287 435 2355 defensio
464 2309 483 2355 a
511 2310 587 2356 vero
621 2286 731 2376 operis
756 2286 818 2356 fine
846 2285 949 2354 aliene
978 2297 1080 2366 esset,
1118 2297 1183 2361 tam
1208 2288 1272 2376 late

92 2391 234 2480 spatiari,
257 2399 290 2456 et
309 2399 397 2462 tanto
420 2393 524 2458 studio
546 2395 661 2459 docere
675 2411 794 2460 omnes
816 2392 896 2459 alios
917 2399 1046 2476 praeter
1062 2391 1272 2478 pbilosopbos

92 2503 186 2584 aptos
207 2517 272 2560 non
293 2514 362 2562 esse
385 2494 439 2580 qui
461 2492 664 2582 Reipublicae
686 2494 901 2586 gubernacula
922 2499 1069 2561 teneant‘t
1091 2497 1163 2564 Non
1172 2514 1271 2580 poseo

93 2617 174 2666 vero
196 2597 275 2666 alios
296 2597 501 2681 Reipublicae
522 2597 720 2684 magistratus
743 2618 813 2662 esse
835 2619 930 2682 quam
958 2597 1186 2686 philosophos,-
1217 2617 1273 2668 na-

94 2703 269 2771 cessarium
289 2723 332 2766 ex
352 2700 532 2792 philosophi
554 2709 669 2782 mente.
712 2705 791 2769 Nam
810 2722 877 2766 non
892 2708 972 2768 sunt
985 2700 1039 2768 alii
1054 2703 1145 2787 gnari
1160 2721 1273 2771 eorum

95 2825 178 2894 qnae
199 2803 318 2873 faciunt
338 2813 375 2871 ut
394 2803 504 2870 civitas
525 2802 610 2870 bona
630 2806 671 2870 sit
684 2854 687 2862 .
699 2812 730 2870 et
755 2802 829 2880 fiat,
861 2806 987 2896 οἱπερὶ
1008 2800 1133 2874 τούτων
1155 2827 1273 2898 mpori«

91 2905 245 3000 μώτατοι
277 2903 316 2976 δι’
349 2898 392 2976 ὧν
419 2903 542 2994 ἄριστα
571 2903 669 2986 πόλις
697 2903 847 2975 οἰκεῖται.
889 2911 936 2974 lta
964 2908 1174 2979 necessariam
1203 2928 1273 2979 esse

93 3016 242 3102 sequitur
255 3015 294 3078 de
308 3010 504 3098 pbilosophis
519 3012 772 3098 disputationem,
793 3011 1004 3081 necessariam
1020 3011 1273 3088 dissertationem

95 3115 136 3182 de
166 3115 295 3183 summis
326 3113 498 3201 disciplinis
524 3117 565 3180 ad
592 3136 670 3200 quas
697 3114 879 3202 philosophi
899 3115 1274 3202 Rempublioamregant

95 3228 129 3286 et
145 3221 308 3292 ordinent,
340 3225 372 3285 et
394 3215 598 3303 Reipublicae
625 3221 753 3304 quidem
778 3239 874 3284 cansa
899 3220 1123 3310 neeessariam.
1167 3217 1272 3306 Quid,

96 3343 233 3412 quaeso,
263 3319 434 3396 attinebat,
464 3323 699 3409 demonstrare,
733 3343 814 3408 qnae
834 3324 917 3404 ratio
938 3324 1076 3392 ineunda
1097 3324 1154 3398 sit,
1182 3329 1275 3392 utet

95 3424 279 3515 pbiloeopbi
303 3445 322 3490 a
341 3423 452 3490 studiis
474 3424 538 3491 suis
558 3445 625 3494 non
642 3435 841 3502 reuocentur,
867 3434 900 3493 et
913 3446 1033 3494 summa
1046 3435 1151 3496 umen
1165 3445 1274 3494 rerum

95 3532 136 3597 iis
160 3530 394 3597 committatur?
432 3529 495 3595 Cur
515 3529 652 3614 denique
678 3537 804 3596 coactos
825 3529 1140 3618 Rerumpublioarum
1158 3531 1275 3618 guber·

96 3630 208 3700 nacula
229 3630 390 3714 suscipere
410 3631 512 3698 voluit
532 3631 620 3699 Plato
641 3631 858 3720 philosophos,
884 3632 944 3702 nisi
966 3633 999 3703 in
1018 3632 1190 3720 Republica
1203 3653 1275 3703 verr

94 3743 222 3804 seretur
244 3733 295 3800 bic
320 3732 483 3819 dialogus,
517 3737 704 3821 praesertim
727 3756 824 3820 quum
844 3738 914 3822 ipse
935 3736 1010 3804 satis
1030 3741 1155 3816 doceat,
1179 3757 1274 3826 quarn

93 3861 164 3908 non
185 3836 303 3904 laetum
326 3857 396 3904 esse
418 3836 532 3904 debeat
548 3837 745 3923 philosophis
768 3840 848 3904 haee
869 3842 1033 3909 terrestria
1052 3861 1188 3918 curare,
1218 3840 1276 3928 qui

95 3951 192 4009 antea
219 3942 326 4006 divina
351 3940 484 4007 contuiti
511 3940 703 4007 descendere
723 3951 875 4028 cogantur
895 3947 935 4010 ad
959 3965 1024 4024 eos,
1047 3944 1102 4032 qui
1121 3946 1276 4012 nesimu·

95 4051 184 4112 laena
207 4042 334 4130 quidem
360 4065 481 4120 rerum,
516 4047 572 4110 sed
598 4042 725 4110 umbras
749 4054 957 4112 contueantur
982 4047 1063 4114 collo
1086 4045 1274 4131 etpedibus

96 4147 216 4225 vineti,
254 4141 286 4212 et
309 4143 478 4233 participes
502 4146 574 4214 fieri
597 4148 744 4214 laborum
772 4157 803 4214 et
830 4153 988 4218 honorum
1017 4154 1072 4236 qui
1105 4150 1188 4236 apud
1218 4169 1273 4214 eos

98 4251 189 4330 sint,
235 4249 512 4340 quantulicumque
541 4251 724 4330 videantur,
761 4254 823 4322 εἴτε
859 4248 1051 4347 φαυλότραι
1079 4255 1142 4322 εἴτε
1172 4275 1273 4320 σπου·
