3298 5232
556 379 787 454 „gua-

75 567 141 614 non
161 543 306 630 vulgares
332 543 483 614 orationis
499 539 722 630 dispescendoe
738 535 866 628 regulas
882 542 923 606 de
940 539 1048 606 sobola'
1065 545 1099 606 et
1114 559 1134 606 a
1149 537 1253 628 magi*

75 651 149 718 stris
169 655 295 718 secutus
318 647 461 724 videtur,
488 648 546 712 sed
569 666 689 712 summa
711 647 779 710 eius
801 644 853 712 lex
875 643 947 722 tuit,
974 663 1039 730 qno
1057 643 1129 712 loeo
1152 665 1251 732 quae-

74 774 141 842 que
163 755 267 841 posita
290 751 462 835 plurimum
484 749 643 823 valerent,
676 770 741 834 quo
762 753 857 816 modo
879 748 1002 832 singula
1022 767 1167 836 quaeque
1189 751 1254 816 dis·

74 856 226 944 ponenda
248 863 371 931 essent,
385 919 388 926 ,
400 862 437 920 ut
457 856 506 920 vis
532 852 651 936 dialogi
675 852 848 920 dramatico
868 861 901 918 et
922 852 1123 940 pulchritudo
1145 853 1254 942 operis

75 961 292 1034 adiuveretur.
338 959 547 1026 Conseruntur
574 977 656 1042 quae
681 959 765 1022 bunc
791 958 824 1022 in
846 954 941 1022 linem
966 955 1007 1023 de
1030 958 1254 1024 Demosthenis

75 1064 223 1132 oratione
244 1065 383 1130 omnium
400 1061 612 1148 pulcherrima
629 1081 688 1143 pro
712 1081 830 1126 corona
848 1067 940 1126 autea
955 1059 1100 1138 diximus,
1123 1068 1156 1127 et
1170 1080 1252 1148 quae

77 1171 188 1234 Cicero
215 1169 248 1232 in
277 1171 376 1232 Bruto
404 1186 431 1230 c.
454 1168 504 1232 37.
527 1163 566 1229 de
592 1163 729 1230 Antonio
753 1162 880 1248 egregie
906 1162 998 1230 dicit:
1033 1164 1170 1232 «Omnia
1198 1185 1254 1230 ve·

75 1268 208 1337 niobant
231 1271 368 1334 Antonio
393 1269 426 1334 in
450 1263 607 1346 mentem}
626 1271 735 1352 'eaque
754 1287 979 1354 suoquaeque
999 1267 1081 1346 loco,
1105 1270 1161 1335 ubi
1183 1267 1254 1354 plu-

76 1379 194 1442 rimum
219 1371 376 1460 proficere
389 1379 431 1437 ot
454 1371 561 1441 valere
587 1379 731 1457 possent,
768 1378 803 1436 ut
831 1369 872 1438 ab
896 1373 1089 1457 imperatore
1114 1370 1254 1459 equites,

76 1481 219 1565 pedites,
242 1476 321 1542 levis
335 1483 513 1553 armatura,
546 1473 591 1542 sic
618 1472 734 1540 abillo
758 1474 791 1540 in
813 1473 949 1542 maxime
976 1476 1163 1562 opportunis
1184 1495 1257 1542 ora·

78 1584 174 1649 tionis
206 1577 348 1664 partibus
381 1579 651 1656 collocabantur»)
697 1581 755 1644 His
784 1578 918 1645 addatur
945 1580 1108 1647 Ciceronis
1127 1599 1258 1666 praece·

78 1694 170 1770 ptum
191 1685 225 1752 in
245 1686 379 1750 Oratore
400 1704 429 1750 c.
456 1687 512 1752 ta:
545 1686 608 1750 ude
630 1681 816 1748 firmissimis
838 1683 901 1750 alia
927 1686 1030 1770 prima
1054 1691 1170 1768 ponet,
1196 1683 1258 1750 alia

78 1797 240 1876 postrema
251 1789 484 1872 inculcabitque
505 1787 658 1856 leviora.»
693 1791 739 1852 lta
759 1788 858 1870 igitur
878 1785 1050 1866 ridendum
1071 1796 1140 1854 erat
1160 1795 1196 1854 nt
1216 1789 1257 1854 ad

80 1891 234 1976 ampliora
269 1912 397 1978 semper
430 1898 617 1975 exsurgeret
647 1891 766 1964 oratio,
799 1897 836 1956 ut
863 1889 1018 1957 lecto-rum
1047 1891 1258 1976 cognoscendi

81 2005 194 2065 cuneta
216 1994 355 2064 studium
376 2014 502 2080 semper
524 2002 689 2070 cresceret,
712 2002 746 2059 ut
766 1993 909 2063 faciliora
925 1992 1156 2061 difficilioribus
1170 2001 1259 2060 recte

80 2103 309 2176 miscerentur,
342 2107 383 2171 ¹ut
403 2090 582 2166 ‘caveretur
612 2119 654 2162 nc
687 2098 935 2182 defatigarentur
966 2101 1115 2166 lectores.
1170 2100 1260 2178 Quae

82 2211 202 2268 cuncta.
224 2205 269 2267 ita
298 2204 525 2287 assequebatur
551 2201 659 2278 Plato,
694 2203 775 2278 siin
796 2204 874 2272 dues
895 2208 1024 2287 partes,
1060 2205 1147 2288 quod
1168 2203 1263 2269 initio

83 2305 184 2394 quinti
205 2303 280 2372 libri
301 2305 475 2372 indicatum
496 2303 641 2380 vidimus,
664 2308 725 2372 boc
744 2326 824 2388 opus
840 2303 1052 2382 distribueret,
1074 2305 1109 2372 in
1124 2315 1261 2392 quarum

82 2413 191 2496 priore
221 2410 458 2498 describeretur
487 2407 677 2493 Respublica
698 2428 739 2472 ex
758 2407 895 2477 instillas
916 2408 1076 2492 principio
1098 2411 1257 2486 densata,

83 2516 117 2586 in
138 2513 237 2579 altera
258 2509 483 2597 Respublica„
500 2514 552 2578 eui
579 2513 652 2578 idea
672 2513 750 2576 boni
772 2514 1149 2598 summumsprineipium.
1163 2519 1258 2590 esset,

83 2618 277 2703 interpositis
298 2617 458 2702 utrimque
479 2613 717 2702 quaestionibus
738 2615 876 2700 politicis
896 2614 1020 2693 facilins
1036 2615 1259 2702 intelligendis,

85 2719 190 2840 qualia
220 2721 328 2808 sunt
320 2743 353 2787 ιιι
381 2721 491 2804 priore
511 2721 620 2803 operis
641 2728 731 2803 parte
752 2720 893 2786 instituta
913 2720 1149 2804 Reipublicae
1140 2721 1257 2807 ipsius,

84 2825 119 2896 in
144 2829 203 2890 bac
231 2799 375 2890 doctrina
407 2825 615 2890 derisorum
645 2825 878 2908 mulierumque
907 2823 1150 2901 communione,
1184 2823 1266 2890 alia

84 2931 153 2994 Iam
176 2925 277 3012 fingas
305 2927 361 2995 tibi
388 2929 573 3004 Platonem,
602 2930 687 3012 quod
713 2925 787 2994 fieri
812 2948 888 2992 sane
917 2929 1091 3011 potuisset,
1119 2935 1155 2996 et
1174 2929 1265 3012 meod

86 3038 228 3098 secutum
250 3029 395 3096 videmus
416 3032 633 3098 Ciceronem
624 3053 657 3097 ιιι
679 3032 864 3096 Oratorec.
888 3035 939 3108 3.,
963 3033 1155 3099 commonitam
1176 3033 1261 3097 viam

85 3134 265 3219 ingressum
292 3156 378 3211 esse,
412 3132 587 3201 ordientem
615 3157 633 3202 a
661 3134 798 3211 iustitia,
832 3141 1051 3218 assurgentem
1079 3111 1193 3206 deinde
1220 3131 1265 3200 ad

86 3237 191 3304 ideam
212 3237 301 3315 boni,
325 3259 406 3324 quae
428 3244 501 3306 sunt
520 3237 677 3322 principia
692 3237 848 3314 civitatis,
872 3246 939 3310 tum
960 3236 1135 3321 perfectam
1155 3235 1265 3306 civita-

85 3350 150 3408 tem
174 3349 407 3422 enstrucntem,
435 3345 530 3409 modo
552 3341 636 3408 illius
657 3341 752 3408 modo
771 3343 866 3407 buius
887 3343 1011 3408 ratione
1032 3343 1159 3412 habita:
1191 3362 1266 3408 sen-

87 3549 308 3624 dramaticum,
331 3547 532 3616 interiturum
553 3548 723 3624 lectorum,
754 3549 829 3634 quia
856 3551 897 3615 ad
926 3551 1041 3616 altiora
1061 3563 1187 3635 semper
1207 3560 1267 3617 ex*

87 3675 219 3738 surgere
253 3652 430 3718 orationem
459 3652 688 3736 intelligerent,
723 3651 936 3735 cognoscendi
963 3654 1267 3735 cuneta'studiumt

86 3763 155 3824 lam
178 3758 274 3841 igitur
294 3756 403 3823 lectori
427 3755 605 3842 eligendum
627 3756 703 3832 erit,
730 3762 836 3820 utrum
863 3776 933 3820 cum
955 3755 1084 3822 Platone
1106 3756 1139 3822 in
1160 3761 1266 3841 Repu-

87 3860 172 3926 blica
199 3879 324 3926 sumere
353 3859 448 3936 velit,
483 3860 633 3928 iustitiam
662 3879 731 3924 esse
760 3856 793 3923 id
822 3863 907 3944 quod
937 3866 1108 3944 quaeratur
1138 3861 1173 3925 in
1205 3858 1266 3927 boc

87 3985 206 4050 opere,
237 3986 278 4028 an
299 3985 370 4028 cum
393 3966 506 4030 eodem
528 3966 657 4028 Platona
680 3963 714 4027 in
735 3961 865 4029 Timaeo
887 3969 1038 4038 statuere,
1074 3969 1176 4030 totum
1197 3984 1266 4030 sor·

88 4089 217 4133 monem
238 4066 279 4133 ad
301 4067 539 4151 Rempublicam
561 4068 732 4153 portinere.
775 4069 855 4134 Nam
884 4066 964 4132 aliae
988 4067 1203 4134 recentiorum
1224 4066 1265 4133 de

86 4169 152 4238 fine
183 4171 290 4255 operis
318 4170 484 4254 opiniones
510 4177 633 4239 tanturn
660 4177 732 4237 sunt
760 4188 820 4257 pro
842 4168 975 4238 arbitrio
997 4169 1164 4246 confictae,
1200 4191 1266 4236 non

87 4297 131 4344 ex
158 4273 260 4361 ipsius
285 4275 423 4342 Platonis
449 4275 630 4344 testimonio
660 4273 830 4348 desumtao,
874 4275 908 4342 Si
936 4274 1013 4343 illud
1043 4297 1165 4351 sumas,
1198 4281 1267 4342 tum

1050 4394 1091 4458 ld
