3312 5238
556 429 608 450 -v
643 399 707 464 121·
745 427 790 450 -ε

82 579 265 645 sequacem
292 577 352 625 non
380 559 531 634 ελδίειινι
554 561 683 644 caseon
711 557 913 627 sessurus
938 557 1184 654 quemudmcdun
1213 555 1268 648 qul

82 665 224 730 mannes
246 667 318 749 quid
345 661 462 730 ιειιεσιιι
486 663 636 730 ιἰιλενδιινι
661 674 809 749 quaerum
832 667 910 749 φειδ
935 673 1092 740 rmum»,-
1123 687 1184 731 use
1205 687 1270 734 noa

82 771 265 834 εοκνενιίεεε
290 769 391 833 oculos
411 771 445 832 ιἰι
470 771 629 841 lautitiam,
657 770 709 832 sed
730 769 846 833 remota
868 772 1052 852 mandavisse,
1075 791 1133 853 qno
1147 769 1266 854 sactum

81 875 124 936 sit
148 882 184 938 ut
207 875 289 956 ipsos
312 874 368 936 illu
393 873 561 951 latueritu3
591 893 648 938 ιιι
668 873 780 938 dudum
802 883 829 938 ct
848 875 965 937 dixisse
979 882 1007 938 ct
1024 858 1174 938 audiuisse
1194 875 1267 958 quid

82 979 206 1041 iustitio
231 986 323 1048 esset,
356 995 413 1040 nec
445 985 543 1042 tomen
574 977 684 1040 οιῗιλιειε
715 978 793 1059 quod
824 978 995 1041 dictentur
1039 974 1160 1042 Suntne
1187 981 1267 1043 haec

82 1085 186 1146 verat
221 1083 301 1144 Num
322 1078 459 1146 iustiliae
481 1099 576 1164 quam
598 1078 747 1165 deinceps
768 1079 861 1145 affert
875 1079 1063 1165 descriptio,
1087 1101 1180 1166 quam
1202 1081 1266 1146 iam

82 1184 177 1251 initio
199 1183 380 1268 posuerint,
407 1181 667 1259 helinton,
695 1204 726 1269 p.
746 1187 830 1260 369,
862 1187 898 1248 E.
923 1204 992 1271 sqq.
1003 1181 1015 1263 ;'
1042 1205 1074 1270 p.
1098 1184 1180 1261 37λι,
1209 1189 1264 1261 Α.,

83 1289 224 1354 iustitiae
243 1289 309 1353 vim
332 1295 363 1351 et
384 1294 528 1352 naturam
550 1286 674 1374 aperil‘l
720 1290 826 1365 Quare
847 1287 939 1354 nohis
960 1293 1039 1354 haec
1060 1286 1167 1352 omnia
1188 1287 1265 1355 nihil

84 1389 172 1458 aliud
194 1389 371 1476 significare
393 1389 552 1466 videntur,
576 1411 671 1475 quam
695 1410 751 1456 eos
772 1391 827 1478 qui
848 1412 915 1457 non
933 1390 1124 1477 intelligant,
1146 1411 1181 1458 se
1203 1411 1266 1458 nou

85 1495 281 1582 quaesivisse
296 1501 394 1560 antea
415 1493 580 1569 iustitiam,
594 1499 596 1508 ’
610 1499 667 1559 sed
688 1493 859 1581 perfectam
881 1495 1035 1561 civitatem
1058 1493 1264 1581 descripisse,

85 1621 140 1666 ens
165 1599 297 1665 multum
317 1597 470 1666 aberrare
492 1619 511 1662 a
532 1597 694 1686 scriptoris
716 1607 822 1664 mente
845 1606 877 1664 et
897 1598 1112 1685 nihilsapere.
1158 1601 1267 1664 Habes

84 1705 118 1770 in
138 1703 189 1769 his
213 1704 349 1768 Socratis
372 1696 535 1791 εἰρωνείαν
550 1708 582 1766 et
596 1703 712 1789 εἴρωνα
730 1701 852 1786 ἰιιοιιιο,Δ
867 1702 985 1769 iustitia
1000 1711 1148 1789 tanquam
1163 1701 1266 1784 forma

84 1829 155 1875 rem
177 1806 276 1873 multo
298 1805 451 1871 maiorem
473 1810 505 1870 et
525 1805 752 1890 augustiorem,
773 1804 945 1892 perfectam
966 1807 1144 1884 civitatem,
1168 1807 1267 1874 inclu-

85 1911 230 1987 dentem3
255 1907 520 1996 quemadmodum
535 1912 602 1994 ipse
621 1907 832 1994 pulcherrime
847 1908 1036 1976 describitur
1052 1908 1092 1978 ab
1105 1909 1267 1978 Alcibiade

86 2014 198 2081 similis
221 2013 331 2079 Silonis
353 2013 387 2078 in
408 2012 562 2080 artificum
585 2011 738 2090 officinis,
771 2016 802 2079 οἱ
824 2007 935 2099 διχάδε
957 2016 1164 2102 διωχθέντες
1186 2015 1267 2107 φαί-

84 2142 201 2186 νονται
218 2116 358 2184 ἔνδοθεν
374 2111 552 2204 ἀγάλματα
568 2115 692 2204 ἔχοντες
708 2117 808 2184 θεῶν.
842 2116 887 2182 uf.
901 2119 1006 2204 Symp.
1020 2138 1052 2205 p.
1069 2123 1143 2197 215,
1164 2123 1201 2184 B.
1219 2121 1265 2184 Sl.

171 2215 303 2288 Σκόπει
325 2217 365 2302 δὴ
387 2225 443 2286 καὶ
465 2222 554 2315 τῇδε,
585 2215 616 2285 εἰ
641 2211 728 2286 οὕτω
749 2215 848 2301 δόξει.
871 2207 940 2310 ἆρα
962 2227 1033 2300 τοῖς
1054 2218 1212 2310 ἄρχουσιν
1235 2225 1269 2289 ἐν

87 2328 124 2422 τῇ
146 2319 243 2391 πόλει
270 2321 331 2402 τὰς
360 2323 454 2402 δίκας
481 2317 687 2415 προστάξειεν
704 2319 862 2407 δικάζειν,·
903 2324 944 2390 Τι’
972 2319 1055 2410 prinu
1082 2323 1137 2391 Ἢ
1161 2320 1268 2392 ἄλλον

87 2426 285 2497 οὑτινοσοῦν
310 2429 438 2514 μᾶλλον
465 2428 630 2520 ἐφιέμενοι
651 2421 860 2506 δικάσουσιν,
894 2422 915 2509 ἢ
944 2423 1080 2507 τούτου,
1112 2419 1200 2506 ὅπως
1228 2424 1269 2494 ἂν

87 2538 223 2602 ἕκαστοι
251 2526 323 2620 μήτ’
356 2531 452 2620 ἔχωσι
481 2527 524 2596 τὰ
549 2525 710 2620 ἀλλότριοι
738 2525 819 2616 μήτε
849 2531 912 2596 τῶν
940 2524 1048 2597 αὐτῶν
1070 2533 1268 2618 (responsor,-

91 2634 175 2718 Οιλκ,
204 2631 445 2703 ἆλλὰτοιλτοιι.
481 2628 542 2712 Ὡς
564 2634 694 2700 δικαίου
717 2629 831 2715 bosom
860 2633 938 2700 hal.
984 2635 1053 2700 Καὶ
1074 2629 1178 2730 ταύτῃ
1200 2631 1268 2724 ἄρα

86 2767 131 2824 ειη
160 2735 183 2822 ἡ
212 2741 273 2806 τοῦ
302 2735 421 2806 οἰκείου
450 2763 483 2804 τε
507 2743 562 2804 καὶ
583 2738 703 2804 ἑαυτοῦ
725 2736 787 2818 ἕξις
808 2759 842 2802 τε
864 2742 920 2803 καλ
940 2737 1057 2828 πρᾶξις
1075 2733 1268 2821 δικαιοσύνη

86 2842 128 2912 ἂν
156 2840 370 2932 ὁμολογοῖεν.
405 2838 502 2908 Ἔστι
533 2842 648 2909 ταῦτα.
692 2841 737 2908 Cf.
763 2863 796 2928 p.
827 2843 906 2917 b33,
934 2845 972 2907 E.
1017 2841 1096 2910 Vide
1119 2861 1211 2927 φιιιιο
1234 2861 1268 2908 se

84 2957 236 3036 torqueat
257 2955 353 3013 utne
375 2944 518 3012 dubitent
538 2949 673 3012 lectores
694 2944 844 3012 iustitiam
863 2951 948 3012 recte
971 2945 1155 3032 explicatam
1184 2965 1265 3013 esse.

86 3057 162 3132 Quo
186 3062 289 3118 tamen
310 3058 569 3136 argumentorum
591 3056 750 3136 apparatu,
761 3069 841 3115 rem
855 3049 955 3136 ipsam
970 3069 1034 3114 non
1050 3045 1268 3133 allingentium

86 3157 146 3224 sed
168 3164 388 3229 nummorum,
412 3173 491 3240 opus
514 3175 576 3220 non
598 3151 673 3229 fuit,
696 3152 727 3220 si·
744 3153 862 3218 iustitis
882 3139 969 3219 re'cte
991 3153 1199 3240 explicataet
1220 3156 1268 3218 in-

85 3269 183 3328 venta
205 3259 252 3324 ihi
273 3266 364 3337 esset,
387 3255 442 3324 ubi
463 3256 575 3344 quaeri
599 3256 718 3337 debuit,
742 3258 776 3326 in
798 3256 912 3324 animo.
934 3279 938 3294 ·
957 3259 1094 3322 Externa
1117 3279 1195 3324 vero
1217 3279 1268 3324 ar-

12 3353 14 3362 ’
88 3371 239 3451 gumenta
267 3383 433 3438 vocamus,
466 3381 538 3427 cum
563 3365 624 3426 hoc
645 3381 685 3426 ex
707 3382 746 3426 eo
770 3355 854 3445 quod
876 3359 910 3425 in
930 3359 1055 3426 iudiciis
1076 3360 1146 3427 lieri
1168 3356 1269 3428 soleat

84 3467 269 3556 repetitum,
292 3471 376 3552 quod
399 3466 515 3532 nullam
536 3465 666 3531 omnino
688 3462 842 3552 probandi
861 3463 925 3530 vim
947 3468 1059 3544 hahet,
1081 3464 1121 3530 cl.
1144 3465 1199 3531 lib.
1223 3468 1265 3530 ΙΙ.

85 3595 122 3661 p.
148 3575 222 3637 358.
247 3573 302 3648 E.;
333 3578 399 3635 tum
422 3569 499 3635 illud
522 3572 616 3634 etiam
639 3568 723 3655 quod
745 3564 929 3655 praecessit,
952 3567 1104 3634 iustitiam
1125 3589 1194 3634 cum
1217 3591 1269 3635 re·

86 3675 186 3762 liquis
214 3677 381 3740 virtutihus
409 3681 557 3759 tanquam
585 3681 752 3742 certamen·
771 3671 898 3760 aliquod
925 3671 1015 3738 inire.
1060 3674 1131 3737 Hoc
1162 3679 1268 3740 nutem

86 3781 163 3847 loco
192 3797 271 3864 quae
300 3776 339 3842 de
362 3776 481 3842 iustitia
507 3775 621 3841 morali
644 3775 768 3842 dixerat
789 3775 829 3842 a'd
850 3767 1007 3842 iustitiam
1022 3775 1145 3842 civilem
1167 3765 1270 3845 trans-

87 3884 163 3957 fert,
185 3883 227 3948 ila
249 3881 375 3968 quidem
398 3889 433 3946 ut
455 3875 513 3946 hac
533 3888 677 3946 naturam
698 3879 960 3968 illinsexplicare
981 3879 1113 3946 studeat.
1141 3880 1213 3946 *Sed
1236 3882 1268 3947 in

88 3989 172 4055 hanc
193 3984 329 4052 iustitiae
350 3984 451 4050 civilis
474 3975 696 4057 definitionem,
719 3983 829 4050 eadem
852 3986 1057 4070 reprehensio
1080 3981 1181 4061 cadit,
1206 4005 1269 4070 qua

87 4093 187 4158 libro»
203 4092 306 4176 primo
327 4110 360 4177 p.
385 4091 457 4155 331.
481 4089 515 4154 C.
538 4097 607 4175 s'qq.
637 4094 745 4154 contra
776 4088 945 4174 Cephalum
976 4096 1007 4154 et
1027 4087 1268 4153 Polemarohum

88 4215 168 4262 usus
190 4202 269 4259 orat.
314 4191 519 4269 Quamlevia
541 4195 619 4257 haec
640 4192 744 4258 omnia
765 4199 847 4269 sunt,
871 4213 965 4278 quam
988 4189 1041 4257 vix
1063 4190 1156 4276 digna
1181 4177 1272 4256 tanto

91 4298 285 4386 philosopho
305 4302 454 4381 tantoque
468 4302 630 4384 apparatu.
672 4299 783 4362 Nonne
804 4313 824 4363 a
846 4299 974 4364 Socrate
995 4283 1185 4385 postulatum
1200 4298 1271 4359 erat
