3298 5232
560 392 793 456 *157*-

80 534 110 638 ᾧ
131 545 221 638 γελᾷ·
234 541 306 614 οὐδ’
332 537 386 616 ὅτι
406 543 561 641 operest?
589 543 754 618 κάλλιστα
781 543 848 640 γὰρ
876 544 917 632 δὴ
939 549 1039 618 τοῦτο
1061 554 1117 620 καὶ
1138 553 1266 638 λέγεται

78 655 138 716 καὶ
166 651 345 735 λελέξεται,
382 643 435 722 ὅτι
463 650 501 721 τὸ
529 660 590 742 μὲν
619 649 786 747 ὠφέλιμον
813 649 931 733 καλὸν,
960 649 999 722 τὸ
1017 656 1063 722 ,δὲ
1084 652 1266 745 βλαβερὸν,

79 749 233 845 αἰσχρόν.
275 751 481 836 Παντάπασι
508 765 570 844 μὲν
596 743 666 825 οὖν.
711 755 759 822 Cf.
788 778 828 844 p,
860 759 932 825 l56.
963 759 998 822 C.
1030 760 1075 827 Si.
1116 758 1267 827 Mulieres

77 857 193 942 igitur,
218 879 298 944 quae
319 859 465 926 custodes
487 879 639 926 evasurae
659 867 747 937 sunt,
776 869 808 926 et
829 857 868 926 τὸ
892 856 1000 934 αὐτῶν
1021 856 1187 951 πράττειν,
1209 863 1267 930 iis-

78 963 156 1026 dem
188 963 309 1046 ingenii
335 965 457 1029 viribus
483 966 646 1050 praeditae
675 963 737 1028 sint
757 972 902 1050 oportet,
940 967 1115 1050 eademque
1140 967 1265 1034 ratione

78 1067 285 1142 educandae,
317 1088 380 1151 qua
408 1068 479 1134 viri.
523 1066 641 1133 Iisdem
664 1066 762 1152 igitur
782 1075 919 1153 utroque
940 1069 1012 1134 loeo
1033 1068 1198 1156 principiis
1218 1069 1266 1136 uti

77 1170 226 1235 videmus
261 1171 435 1236 Platonem.
480 1172 573 1236 Hunc
609 1178 715 1238 autem
747 1171 852 1238 locum
880 1172 1069 1259 interpretes
1097 1177 1138 1238 ad
1166 1195 1265 1239 unum

78 1293 193 1338 omnes
216 1273 424 1340 consentiunt
435 1272 474 1339 ad
490 1273 711 1358 explicandam
725 1273 876 1340 iustitiam
890 1295 954 1340 non
968 1273 1143 1359 pertinere.
1179 1278 1265 1344 Gmt

78 1378 167 1454 Quia
188 1376 309 1444 scilicet
328 1379 393 1443 iam
414 1377 542 1444 inventa
572 1385 631 1444 est.
677 1379 740 1444 Sed
768 1399 866 1463 quum
893 1381 986 1466 plane
1014 1381 1125 1446 eadem
1146 1379 1197 1448 hic
1219 1381 1267 1446 di-

78 1488 207 1558 cantur,
232 1501 314 1568 quae
336 1488 430 1550 antea
452 1483 492 1546 de
508 1483 698 1550 custodibus
720 1483 802 1548 dicta
824 1490 916 1558 sunt,
947 1503 1004 1548 cur
1023 1482 1079 1550 illa
1101 1485 1142 1548 ad
1164 1485 1267 1568 expli·

77 1587 217 1650 eandam
237 1584 388 1652 iustitiam
412 1583 581 1652 referenda
602 1587 676 1662 sint,
691 1589 777 1658 ,haec
798 1605 865 1652 non
885 1584 1056 1654 referenda
1077 1586 1158 1664 sint,
1180 1587 1266 1654 nulla

76 1707 213 1774 prorsus
240 1689 322 1754 ratio
343 1689 481 1754 inveniri
502 1697 617 1772 potest.
661 1688 756 1766 Quod
777 1690 922 1775 eiigitur
943 1693 1022 1758 haec
1043 1689 1084 1756 ad
1105 1693 1266 1777 explican-

78 1793 156 1856 dam
183 1790 335 1858 iustitiam
355 1811 419 1859 non
441 1792 620 1880 pertinent,
652 1813 790 1878 quorum
819 1795 931 1860 eadem
957 1795 1052 1879 plane
1079 1815 1169 1861 mens
1196 1803 1263 1872 est,

78 1917 139 1960 cur
173 1894 229 1961 illa
257 1893 298 1960 ad
327 1895 477 1962 iustitiam
505 1895 725 1982 explicandam
752 1895 955 1980 pertineant?
998 1899 1137 1984 Utraque
1166 1897 1266 1983 igitur

78 2005 136 2064 aut
158 2001 198 2064 ad
219 1997 389 2078 iustitiam,
421 2008 475 2068 aut
504 2004 545 2066 ad
570 2000 729 2067 civitatem
750 1999 904 2068 trahenda
925 2008 1015 2079 sunt,
1046 2021 1109 2068 non
1130 2000 1264 2068 alterum

77 2105 165 2180 huc,
198 2102 333 2170 alterum
360 2102 448 2170 illuc.
494 2105 557 2181 Qui
585 2105 682 2189 igitur
706 2106 789 2170 hane
819 2104 1042 2190 disputationis
1073 2111 1197 2190 partem
1225 2103 1266 2172 sd

77 2207 322 2294 Rempublicam
343 2208 502 2285 referunt,
533 2229 589 2274 eos
610 2207 752 2295 priorem
775 2208 870 2274 etiam
891 2213 933 2278 ad
953 2207 1194 2293 Rempuulioun
1214 2231 1266 2276 re-

79 2309 171 2377 ferre
192 2331 323 2378 necesse
345 2319 410 2389 est,
439 2311 466 2378 si
484 2313 622 2398 ,quidem
650 2313 713 2376 sihi
734 2320 879 2378 constare
899 2314 999 2382 velint
1020 2321 1060 2378 et·
1073 2315 1197 2382 ratione
1218 2312 1266 2380 uti

78 2414 115 2482 in
139 2414 341 2501 disputando,
362 2437 423 2482 nec
443 2434 503 2501 pro
524 2416 627 2498 lubitu
648 2418 704 2488 vel
724 2417 787 2484 hoc
807 2417 861 2484 rel
882 2417 960 2482 illud
983 2417 1114 2501 eligere.

409 2767 417 2796 ν
536 2742 723 2820 finem
751 2744 812 2812 11·

170 2935 277 3014 Quum
297 2937 380 3004 hanc
400 2955 494 3002 unam
515 2955 580 3002 non
601 2955 734 3021 parvam
754 2933 871 3004 undam
894 2937 1041 3004 Socrates
1055 2955 1168 3024 sospes
1182 2931 1263 3004 otiu·

80 3041 199 3124 gisset,
237 3033 361 3120 Φὴοεις
381 3065 434 3126 γε,
463 3041 587 3124 inquit,
618 3036 656 3107 οὐ
678 3042 763 3129 μέγα
785 3035 868 3108 αὐτὸ
890 3030 988 3120 εἶναι,
1016 3030 1099 3107 ὅταν
1120 3036 1159 3108 τὸ
1180 3035 1264 3128 μετὰ

82 3145 182 3212 τοῦτο
205 3144 288 3238 ἴδῃς·
331 3146 419 3230 Λέγε
441 3139 499 3226 δὴ,
521 3145 589 3224 ἴδω,
613 3143 687 3235 ἔφη.
734 3137 894 3236 Τούτῳ,
924 3131 972 3226 ἦν
994 3137 1024 3210 δ’
1049 3139 1144 3229 ἐγὼ,
1174 3145 1264 3212 ἕπο-

82 3241 305 3336 ταινόμος
342 3251 412 3314 καὶ
452 3251 543 3326 τοῖς
581 3247 847 3339 ἔμπροσθεν,
887 3250 979 3324 τοῖς
1011 3241 1174 3329 ἄλλοις,
1213 3241 1264 3325 ὡς

83 3351 261 3442 ἐγῷμαι,
290 3340 371 3418 ὅδε.
419 3350 507 3434 Tic,-
544 3347 627 3430 Τὰς
655 3353 864 3437 γυναῖκας
894 3345 1053 3428 ταύτας
1082 3351 1159 3418 τῶν
1192 3345 1264 3422 ἆν-

82 3455 189 3546 δνῶν
217 3448 379 3524 τούτων
407 3449 574 3524 πάντων
599 3449 735 3534 πάσας
763 3445 873 3522 εἶναι
900 3450 1063 3535 κοινὰς,
1101 3453 1189 3545 ἰδίᾳ
1221 3453 1265 3520 δὲ

80 3560 228 3648 μηδενὶ
249 3559 455 3646 μηδεμίαν
477 3562 701 3640 συνοικεῖν,
723 3562 793 3626 καὶ
814 3554 911 3637 seito
931 3560 1087 3636 παῖδας
1109 3543 1158 3629 αὗ
1180 3581 1264 3626 xor·
1365 3575 1368 3580 ’

80 3658 195 3743 voda,
218 3667 285 3738 καὶ
306 3657 406 3751 μήτε
428 3665 554 3752 γονέα
576 3661 748 3748 ἔκγονον
770 3657 928 3729 εἰδέναι
949 3658 1020 3730 τὸν
1041 3657 1173 3730 αὑτοῦ
1193 3656 1264 3748 μή-

80 3791 123 3833 τε
145 3769 283 3834 ’παῖδα
309 3769 448 3853 γονέα.
490 3765 644 3834 Revocori
664 3765 715 3832 his
734 3764 767 3832 in
788 3765 978 3834 memoriam
1001 3785 1057 3843 ea,
1088 3784 1169 3853 quac
1189 3764 1265 3832 libri
1289 3837 1292 3842 ,

79 3872 167 3936 tertii
188 3868 251 3936 fine
273 3873 313 3936 de
334 3870 496 3938 communi
516 3869 634 3938 civium
654 3871 745 3938 urbis
768 3875 801 3936 et
823 3873 1008 3948 custodum,
1040 3877 1168 3936 aterna
1188 3888 1264 3956 pro-

79 3981 294 4054 creatorum,
311 3974 455 4060 origine,
480 3973 669 4052 domiciliis,
691 3973 777 4041 victu
798 3972 1012 4051 disseruerat,
1044 3974 1148 4060 quivis
1169 3971 1263 4039 lacile

77 4076 247 4164 intelliget.
291 4081 390 4146 Nobis
404 4111 407 4116 .
421 4087 527 4146 umen
559 4077 665 4145 dedita
692 4098 793 4163 opera
814 4075 909 4144 'Plato
942 4076 984 4144 ad
1011 4081 1093 4144 hanc
1126 4080 1264 4163 partium

78 4181 191 4271 operis
212 4182 296 4248 inter
317 4205 353 4266 se
373 4185 611 4269 congruentiam
631 4178 807 4271 provocare
829 4181 978 4262 videtur,
1001 4189 1039 4250 ut
1059 4203 1135 4250 vera
1157 4183 1263 4270 operis

78 4290 163 4356 ratio
192 4286 346 4357 lectorem
377 4290 597 4358 tantominus
626 4290 752 4358 lateret.
796 4290 875 4356 Nam
902 4287 963 4359 nisi
984 4287 1129 4358 indicare
1150 4285 1262 4366 vellet,
