3298 5232
508 369 599 462 1„
643 403 788 480 ιιι-ω-

77 575 167 660 qnod
180 577 317 663 probant
329 579 446 643 verba}
470 570 514 641 cd
534 575 687 642 dubiusne
709 571 750 655 δὴ
770 563 853 661 μετὰ
875 561 975 642 cebro
996 573 1135 641 λεκτέον.
1166 573 1255 640 idem

76 679 241 764 colligitur
262 699 301 744 ex
324 699 362 746 co
384 677 686 766 quod-praevidisse
708 697 742 743 se
764 675 1025 762 signifieatetiam
1041 681 1081 744 de
1096 677 1144 743 his
1158 683 1255 744 rebus

75 783 249 848 dicendum
279 781 367 860 lore,
399 800 478 870 quas
499 781 659 860 omiserit,
691 785 775 866 quod
798 802 907 849 earum
930 783 1097 868 explicatio
1119 779 1256 850 difficilis

76 893 111 951 et
132 885 288 953 invidiosa
308 889 376 952 fore
395 889 570 952 uideretur.
615 888 721 963 Quare
748 904 820 952 cum
841 886 935 952 vellet
956 889 1094 970 speciem
1116 889 1256 953 excitare

76 999 154 1056 a'se
176 990 349 1076 flagitatum
371 1011 441 1056 esse
463 999 499 1056 nt
520 991 614 1055 etiarn
636 989 756 1056 dehac
777 1013 812 1056 re
835 992 971 1068 diceret,
1001 998 1038 1058 ut
1066 991 1135 1058 sine
1164 991 1257 1075 culpa
1351 1038 1359 1054 .

77 1115 150 1160 eam
172 1115 299 1182 qnoque
321 1101 488 1178 pertenere
510 1102 636 1180 posset,
665 1116 728 1159 una
750 1111 821 1160 cum
843 1095 1010 1162 mulierum
1034 1099 1256 1162 communione

77 1209 120 1263 et¹
138 1197 311 1265 liberorum
343 1199 577 1284 procreatione,
608 1216 693 1282 quos
723 1219 887 1264 sermones
918 1201 1139 1284 subterfugere
1172 1199 1253 1265 velle

75 1301 253 1378 ridebatur,
276 1310 502 1368 commemorat
516 1302 731 1386 quaestionem
745 1299 785 1367 de
798 1302 1044 1386 magistratione,
1069 1303 1158 1388 quasi
1175 1306 1256 1370 llaec

76 1425 206 1492 quoque
233 1425 285 1471 res
314 1405 354 1472 ad
385 1425 438 1472 aas
451 1408 650 1490 pertineret,
685 1425 762 1492 quas
785 1406 945 1493 explicare
966 1407 1116 1474 noluerit.
1162 1408 1257 1485 Quod

75 1517 183 1574 tamen
210 1527 300 1574 secus
329 1517 388 1578 cst.
432 1511 511 1574 Na'm
542 1529 600 1574 nec
628 1494 801 1596 flagitatum
823 1510 922 1576 fnisse
945 1512 1045 1596 quinti
1066 1510 1141 1576 libri
1163 1509 1255 1578 initio

77 1615 243 1679 docuimus
263 1620 299 1676 ut
321 1617 360 1678 de
382 1617 441 1677 bac
463 1615 557 1678 etiam
572 1633 608 1677 re
619 1607 756 1690 diceret,
781 1636 840 1680 nec
855 1617 979 1698 priores
994 1614 1066 1692 libri
1082 1617 1275 1700 quidquam

76 1719 257 1793 continent,
297 1737 336 1782 cx
360 1737 422 1802 quo
446 1716 552 1802 colligi
574 1718 676 1799 possit
697 1720 860 1783 Socratem
888 1721 974 1784 hunc
1001 1718 1040 1783 de
1065 1719 1256 1804 magistrali·

76 1819 135 1886 bus
159 1837 337 1886 sermonem
359 1823 487 1905 fugisse.
531 1820 616 1885 Dixit
635 1819 931 1914 enim'tertiolibro
950 1823 993 1886 de
1011 1821 1253 1906 magistratibus,

77 1933 108 1990 et
128 1923 276 1990 sufficere
302 1925 491 1991 videbantur
515 1923 572 1988 illo
601 1923 671 1989 loco
697 1924 797 2001 dicta,
830 1926 1018 2007 praesertim
1035 1927 1072 1989 'sl
1095 1927 1128 1990 in
1156 1946 1254 2012 quae-

75 2031 176 2093 renda
190 2027 327 2104 iustitia,
360 2033 424 2093 non
441 2029 483 2092 'iri
503 2027 694 2114 Republica,
725 2033 906 2094 versaretur
934 2021 1089 2114 dialogus.
1136 2028 1253 2098 Callida

76 2143 181 2198 autem
205 2131 256 2198 his
281 2151 362 2219 qnae
384 2133 446 2196 iam
471 2133 611 2197 dicturus
635 2139 684 2196 est
704 2133 857 2218 praelusit
880 2133 919 2198 iis
944 2152 1025 2218 quae
1050 2139 1081 2222 p.
1104 2133 1193 2211 lobi,
1215 2133 1250 2199 C.

78 2237 248 2320 leguntur:
280 2237 378 2302 τοῦτο
401 2237 436 2302 δὲ
465 2230 547 2302 αὐτὸ
577 2231 708 2326 &dorida
736 2243 796 2323 μὲν
811 2241 874 2304 ’καὶ
895 2231 986 2316 ro'ts,
1007 2228 1067 2303 ὅτι
1089 2233 1201 2318 δεήσοι
1223 2261 1256 2305 τι
1342 2271 1344 2276 ·

75 2335 126 2406 ἀεὶ
154 2341 273 2406 ἐνεῖναι
301 2339 334 2406 ἐν’
361 2339 400 2432 τῇ
429 2333 521 2404 πόλει
550 2333 651 2424 λόγον
679 2339 753 2430 ἔχον
780 2337 838 2420 τῆς
864 2331 1035 2418 nottestan
1059 2337 1118 2407 τὸν
1139 2337 1251 2422 αὐτὸν,

75 2434 173 2532 ὅνπερ
196 2445 257 2509 καῖ
273 2439 325 2519 σι’),
348 2437 367 2508 ὁ
388 2445 587 2530 repudietis,
611 2442 692 2534 ἔχων
711 2438 789 2520 τοὺς
809 2439 932 2532 νόμους
954 2443 1088 2522 iridem}
1127 2438 1251 2534 'Eddtis
1278 2520 1282 2532 Ι

73 2551 126 2627 θη
155 2542 236 2632 γὰρ,
264 2545 337 2638 ἔφη.
375 2540 464 2612 Ἀλλ’
495 2543 554 2634 οὐχ
582 2546 717 2624 inuade,
748 2537 855 2627 ὲῖιιον,
885 2541 1057 2628 ἐδηλώθη,
1087 2541 1184 2639 φόβῳ
1207 2537 1251 2614 ὧν

72 2644 167 2738 ὑμεῖς
188 2645 508 2739 ἀντιλαμβανόμενοι
530 2649 732 2732 δεδηλώκατε
752 2647 884 2737 μακρὰν
905 2656 960 2716 καὶ
979 2647 1126 2738 potiendo
1147 2645 1251 2718 αὐτοῦ

73 2750 133 2832 τὴν
156 2747 331 2834 ιἰιιὸδὲιξιν,
353 2777 382 2820 κ.
404 2777 435 2819 τ.
459 2755 483 2821 ἕ.
506 2755 606 2831 ‘Quis
630 2760 740 2821 autem*
766 2753 927 2822 Socratem
948 2775 1025 2849 rere
1050 2771 1110 2842 per
1126 2751 1251 2821 callidi·¹

71 2863 171 2922 tatem
195 2854 313 2940 fugisse
338 2855 461 2943 putabit
481 2859 540 2922 hos
566 2873 766 2948 sermones,
783 2855 878 2926 οὐδὲν
906 2855 955 2926 rb'
969 2855 1160 2952 ’σοφὸνμοι
1181 2859 1249 2944 ἐγέ-

72 2965 169 3027 vero‘i
189 2989 231 3009 -ι
252 2959 333 3037 Quis
357 2983 421 3026 nen
445 2961 532 3026 ridet
554 2960 713 3030 declinare
738 2963 877 3048 potuisse
894 2963 1055 3029 Socratem
1080 2962 1162 3050 bunc
1183 2983 1251 3029 scr·d

71 3085 218 3142 monem,
254 3065 282 3130 si
311 3085 330 3130 a
359 3066 526 3149 proposito
554 3065 660 3150 operis
689 3065 750 3134 line
776 3066 897 3134 alienus
929 3069 1049 3133 etssti‘
1076 3065 1155 3145 Quis
1188 3065 1250 3133 sibi

70 3169 277 3254 persuadebit
310 3171 471 3234 Socratem
503 3155 720 3256 gravissimam
753 3171 908 3238 sermonis
942 3172 1083 3258 partem,
1123 3170 1250 3236 silentio

71 3273 210 3339 voluisse
233 3273 428 3337 tramitteret
470 3275 546 3338 Nam
567 3273 621 3360 qui
644 3285 729 3340 nuno
751 3272 894 3359 seqnitur
915 3275 1033 3351 sermo,
1061 3273 1089 3340 is
1111 3274 1249 3361 perduct

70 3379 114 3442 ad
131 3393 271 3442 summos
287 3370 480 3462 reipublicae
502 3377 718 3463 magistratum
745 3380 926 3444 ascenditur
943 3379 1037 3444 adid
1052 3375 1247 3468 reipublicae

70 3479 282 3565 principium,
309 3483 394 3544 unde
418 3479 488 3564 ipsa
508 3481 643 3560 iustitia,
670 3501 751 3569 quae
775 3490 824 3548 est
847 3481 1085 3550 fundamentum
1108 3483 1245 3572 optimae

70 3584 281 3671 reipublicae,
312 3585 483 3650 derivatur.
702 3597 703 3602 ’
930 3599 945 3623 ·'
1195 3605 1197 3612 ·

160 3690 270 3754 Omnis
299 3706 376 3753 vero
405 3685 625 3775 disputationis
660 3691 739 3756 ordo
765 3709 785 3754 a
811 3693 922 3776 quinto
949 3689 1032 3758 libro
1057 3695 1119 3760 huo
1143 3715 1244 3782 usque

70 3792 225 3860 deductus
243 3794 286 3856 ita
300 3789 413 3858 habet:
436 3791 462 3857 li
483 3795 669 3878 quibusoam
692 3792 931 3878 colloquebatur
948 3791 1093 3863 Sodrates
1106 3801 1244 3885 primum

70 3895 308 3984 postulaverant
326 3904 361 3962 ut
377 3900 416 3962 de
433 3897 602 3964 mulierum
622 3895 858 3984 liberorumque
877 3901 1096 3967 communione
1114 3901 1242 3971 diceret.

71 4003 163 4078 Quae
192 4001 262 4064 ubi*
278 4001 351 4066 satis
382 4002 547 4087 exposuit,
583 4003 803 4067 necessitatem
837 4003 898 4068 sibi
922 4001 1186 4090 imponi‘patitur
1207 4015 1243 4074 ut

70 4105 112 4171 de
135 4125 200 4182 ec,
230 4111 336 4170 utrum
360 4107 440 4170 haec
465 4102 555 4172 utilia
583 4104 644 4172 sint
670 4103 792 4172 et'beri
815 4105 953 4194 possint,
991 4104 1130 4180 disserat
1174 4113 1241 4179 Iam

68 4211 169 4298 plane
189 4205 380 4274 satisfactum
401 4215 475 4274 ‘erat
497 4209 590 4276 mam
615 4208 688 4275 huic
710 4213 868 4278 desiderio
898 4197 1109 4292 audientium,
1143 4223 1256 4281 tomen*

68 4331 151 4381 ιιιιιιι
170 4333 280 4382 nouum
302 4330 466 4380 νιιιιιοιιιιιι
480 4315 662 4400 ingreditur,
688 4317 913 4400 explicaturus,
943 4316 1049 4402 qenes
1073 4317 1256 4404 disciplinis·
