3312 5238
533 393 783 460 .„„„

82 559 117 631 B,
141 556 175 622 C·
195 553 378 631 contuleris,
403 555 480 622 uum
501 554 578 642 quid
599 552 867 624 serio·i²latouom
886 553 942 622 illo
963 553 1038 624 loco
1054 553 1121 621 uon
1143 553 1264 624 ditiaco

82 657 122 724 de
152 657 292 724 iustitiae
323 667 355 724 et
384 657 555 726 iniustitiae
584 659 698 726 effectu
725 658 868 745 putabis,
888 679 942 724 ἀα
962 667 1000 723 ut
1019 677 1138 726 varum·
1153 658 1265 746 operis

81 761 179 827 tinem
200 760 330 836 celaret,
355 761 570 848 retineretquo
590 764 728 850 speeiem
750 761 790 828 de
812 761 919 847 operis
940 761 1002 827 fine
1024 760 1264 828 semel’cneitu·

81 873 165 941 tam,
189 899 231 916 -··
252 864 341 932 cuius
366 865 414 930 rei
435 864 587 932 lectorem
608 865 651 933 ob
672 866 803 952 longum
825 865 865 934 de
886 865 1010 932 civitate
1030 864 1174 933 habitum
1196 887 1264 932 ser-⁴

82 987 226 1044 monem,
255 970 306 1032 aui
328 967 408 1034 haec
427 973 672 1046 interseruntur,
699 972 750 1036 hic
775 972 996 1037 immemorem
1017 967 1088 1034 iere
1109 973 1264 1054 puniat,

80 1107 123 1120 -
150 1071 196 1136 ita
227 1069 377 1136 tinxisse?
412 1065 542 1138 Putabis
572 1075 606 1140 in
638 1071 817 1159 quaerenda
848 1075 984 1138 iustitiae
1012 1080 1124 1139 natura
1153 1073 1262 1158 operis

81 1173 178 1240 finem
200 1195 270 1241 esse
290 1177 447 1259 positum,
472 1175 513 1242 de
533 1196 595 1266 qua
616 1176 682 1253 bic,
713 1181 854 1243 nondum
876 1179 1017 1264 quaesita
1032 1197 1091 1254 re,
1114 1181 1262 1243 decernat

81 1278 194 1344 Plato‘t

165 1381 307 1449 Medione
328 1403 406 1448 vero
428 1384 504 1448 artis
524 1385 668 1467 indigere
688 1383 749 1450 nisi
770 1383 935 1450 vulnerum
958 1401 1053 1450 cansa
1066 1392 1120 1450 aut
1134 1384 1263 1451 morbe-

82 1507 162 1562 rum,
187 1505 268 1570 quos
290 1486 366 1552 anni
386 1486 616 1553 vicissitudines
639 1487 776 1572 gignant,
799 1489 855 1554 sed
877 1495 1009 1573 prepter
1028 1485 1174 1556 inertium
1197 1488 1264 1553 vic·

83 1597 229 1674 tumque,
252 1610 347 1676 quem
370 1590 466 1656 modo
488 1589 706 1677 descripserit,
732 1589 888 1656 mirabilia
909 1590 1030 1656 morbis
1051 1591 1178 1658 nomina
1195 1592 1259 1657 im-

82 1713 204 1776 ponere
225 1693 296 1778 cogi
316 1692 464 1769 medicos,
487 1693 520 1760 id
541 1701 731 1780 veranum
753 1715 835 1761 esse.
877 1694 992 1762 Multus
1016 1702 1063 1761 ost
1084 1693 1201 1763 deiude
1222 1696 1256 1760 in

83 1794 291 1862 describenda
319 1797 459 1862 medicae
487 1795 563 1861 artis
584 1809 666 1862 'vera
687 1793 826 1870 ratione,
859 1802 1030 1885 praecipuo
1051 1798 1205 1865 invehens
1227 1799 1262 1865 in

82 1898 290 1976 Herodicum,
313 1901 367 1986 qni
388 1899 507 1985 primns
523 1899 694 1965 instituerit
708 1901 817 1994 διαίτῃ
840 1899 884 1968 ita
898 1921 1018 1978 curare,
1041 1909 1077 1968 ut
1089 1921 1148 1986 por
1163 1908 1262 1968 tutam

81 2004 179 2069 vitam
201 2001 318 2068 nullius
339 2010 505 2086 praeterea
526 2002 588 2080 rei,
609 2001 672 2068 nisi
694 2009 883 2070 avertendae
905 2025 923 2069 a
946 2024 1083 2090 corpore
1103 2003 1259 2073 morbose
1360 2087 1363 2093 ¹
1402 2021 1403 2026 ’

81 2106 204 2183 mortis,
226 2113 493 2190 curam-gereret.
535 2111 612 2172 Nam
633 2109 667 2172 in
689 2105 865 2172 civitatibus
887 2110 1139 2176 beuciustitutis
1161 2110 1263 2177 cuivis

80 2231 175 2276 suum
197 2214 359 2293 negotium
380 2214 572 2296 assignatum
594 2231 681 2287 esse,
714 2210 800 2297 quod
820 2214 1000 2279 necessario
1022 2213 1179 2297 agendum
1202 2215 1264 2287 sit,

80 2331 184 2400 nequo
214 2313 361 2398 cuiqnam
390 2316 490 2380 edum
519 2333 588 2380 esse
616 2333 676 2400 per
703 2314 800 2380 vitam
821 2323 989 2400 aegrotare
1010 2324 1043 2382 et
1063 2316 1179 2383 curari.
1214 2315 1263 2382 Ci.

80 2438 110 2503 p.
135 2418 215 2491 too,
246 2417 279 2484 C.
314 2419 425 2495 ¹Quam
452 2437 529 2483 rere
557 2421 634 2482 haec
661 2426 849 2485 moueantur
872 2439 931 2485 uos
952 2421 986 2484 in
1007 2417 1174 2502 opificibus
1194 2419 1264 2484 ani·-

81 2519 293 2597 madrertere,
316 2523 432 2606 quibus
452 2538 517 2586 non
537 2521 633 2586 liceat
646 2519 838 2588 valetudinis
848 2542 942 2588 causa
955 2541 1066 2588 vacare
1085 2523 1263 2608 anegotio:

80 2627 160 2690 Nam
183 2621 263 2688 hano
283 2625 412 2690 nimiam
435 2624 579 2710 corrueris
601 2643 710 2690 curam
732 2625 955 2712 impedimento
977 2641 1049 2692 esse
1065 2625 1173 2694 studio
1198 2627 1263 2692 vir-

81 2726 165 2796 tutis,
193 2731 249 2795 rui
279 2723 344 2815 γὰρ
371 2724 454 2815 πρὸς
486 2723 675 2814 οἰκονομίας
702 2734 767 2795 καὶ.
783 2724 867 2813 πρὸς
895 2730 1071 2820 στρατείας
1098 2727 1264 2818 καὶπρὸς

81 2829 234 2914 ἑδραίους
254 2831 288 2896 ἐν
307 2825 401 2896 πόλει
422 2826 527 2920 ἀρχὰς
549 2826 721 2909 δύσκολος·
742 2827 789 2896 τὸ
804 2833 849 2897 δὲ
869 2828 909 2912 δὴ
931 2835 1103 2918 μέγιστον,
1130 2823 1184 2900 ὅτι
1206 2837 1264 2899 καὶ

80 2930 167 3024 πρὸς
193 2927 365 3020 μαθήσεις
392 2929 596 3000 convocetis
621 2939 677 3000 καὶ
704 2929 867 3015 ἐννοήσεις
889 2957 922 3001 ra
944 2941 999 3002 καὶ
1017 2939 1158 3022 ’μελέτας
1179 2933 1263 3026 πρὸς

81 3032 201 3104 ἑαυτὸν
218 3033 355 3124 χαλεπῆς
378 3036 523 3128 κεφαλῆς
545 3032 637 3114 τινὰς
658 3032 708 3103 cici
729 3033 920 3116 διαστάσεις
938 3042 995 3104 καὶ
1017 3035 1163 3126 ἰλίγγους
1182 3035 1265 3106 ὑπο·

80 3133 248 3206 nerdense
277 3135 530 3226 καὶαίτιωμὲνη
550 3139 813 3231 ἐκφιλοσοφίσς
835 3141 1065 3227 ἐγγίγνεσθαι,
1093 3133 1174 3208 ὥστε
1197 3134 1263 3222 ὅπη

81 3233 176 3322 αὕτη,
199 3237 298 3337 ἀρετῇ
320 3237 503 3311 ἀσκεῖσθαι
524 3247 581 3309 καὶ
602 3236 847 3327 δοκιμάζεσθαι
869 3240 975 3326 πάντη
1000 3237 1172 3331 ἐμπόδιος·
1212 3244 1261 3310 Cf.

81 3367 111 3429 p.
135 3349 209 3413 407.
231 3349 268 3416 Β.
310 3332 482 3432 Propterea
503 3347 722 3432 Aesculapium
736 3345 785 3421 iis,
808 3347 864 3432 qui
885 3355 997 3414 natura
1015 3347 1164 3434 rictuque
1177 3346 1263 3414 borsa

81 3454 211 3514 utantur
231 3447 418 3525 valetudine,
441 3452 467 3514 si
487 3449 593 3535 aliqua
616 3449 758 3535 corporis
780 3470 853 3536 pars
874 3451 995 3520 morbis
1017 3450 1261 3526 conflictaretnr,

81 3554 229 3618 celerem·
251 3551 434 3618 adhibuisse
459 3555 662 3627 medicinam,
694 3547 750 3620 i'va
778 3549 824 3638 μὴ
853 3551 896 3619 τὰ
924 3550 1080 3622 πολιτικοὶ
1099 3549 1265 3638 dicimos,

81 3675 218 3742 corpora
238 3663 344 3722 autem
365 3655 490 3740 penitus
512 3659 662 3722 morbosa
683 3656 821 3725 noluisse
840 3677 973 3733 sacrare,
998 3651 1041 3734 ὡς
1068 3653 1144 3726 οὔτε
1168 3653 1265 3748 αὐτῷ

82 3754 158 3824 οὔτε
180 3752 460 3840 πόλειλασιτελῆ.
487 3757 542 3826 Cf.
565 3779 597 3844 p.
622 3763 694 3824 407.
718 3763 755 3824 Ε.
786 3795 828 3812 --
857 3762 962 3837 Quum
993 3758 1113 3826 Glauco
1140 3761 1264 3845 quaesi·

82 3863 181 3926 visset
210 3881 252 3926 ox
281 3863 432 3940 Socrate,
467 3883 571 3928 noune
600 3865 702 3928 henes
729 3861 867 3930 medicos
889 3871 921 3928 et
941 3863 1060 3927 iudices
1082 3863 1115 3928 in
1137 3862 1262 3930 civitate

82 3962 202 4030 habere
224 3985 353 4030 necesse
375 3965 431 4040 sit,
461 3966 507 4042 is,
539 3986 622 4052 quos
640 3969 711 4052 ipse
734 3965 835 4032 honos
856 3965 998 4034 medicos
1019 3973 1052 4030 et
1073 3965 1195 4032 iudices
1216 3967 1264 4031 im

83 4065 221 4152 colligat,
252 4068 399 4151 explieat.
441 4073 544 4134 Docet
567 4069 664 4152 igitur
691 4068 831 4135 medicos
859 4068 995 4155 optimos
1023 4067 1149 4136 iuturus
1171 4089 1260 4146 esse,

84 4170 138 4254 qui
159 4191 180 4236 a
200 4173 307 4256 pueris
335 4193 400 4238 non
421 4173 523 4240 solum
549 4175 707 4240 discerent
727 4181 845 4250 artem,
874 4170 934 4238 sed
955 4193 1050 4259 quam
1071 4171 1210 4256 plurima
1230 4178 1264 4237 at

84 4295 179 4360 aegre
199 4273 328 4360 qudem
349 4295 483 4362 corpora
504 4296 565 4342 usu
585 4283 618 4341 et
637 4275 863 4345 consuetudine
882 4277 1115 4362 cognovissent,
1137 4273 1263 4363 ipsiquo
