3312 5238
881 414 1113 486 -aoia

369 591 377 609 ⁸
400 575 537 644 transire
557 597 623 643 non
636 596 816 665 possumus.
859 581 940 645 Nam
961 582 1152 647 verborum.
1170 573 1363 700 Ωικισμὲνη
1383 583 1443 669 μὲν
1463 577 1566 657 τοίνυν,

400 667 442 762 ἦν
463 676 535 746 δ”
519 678 590 766 εγὼ,
612 678 720 763 ἤδη”
697 706 740 748 αν
761 705 815 749 σοι
837 683 895 765 εἴη,
919 669 943 749 ὦ
965 679 1298 770 παῐἈρίστωνος,ἠ
1321 679 1426 762 πόλις,
1448 681 1567 749 sirecte

402 787 663 862 considerentur,
693 789 773 851 hane
795 806 865 851 esse
887 793 1025 852 mentem
1047 787 1161 851 vides.
1197 788 1310 853 Omnia
1332 807 1370 852 ea
1391 807 1470 874 qnae
1490 809 1509 851 a
1529 807 1569 852 ει-

403 887 507 954 cundo
528 887 613 953 libro
634 907 666 976 p.
690 890 765 954 368.
786 890 828 954 D.
854 889 1021 976 sausque
1043 891 1083 955 ad
1105 890 1191 954 hunc
1213 889 1318 957 iocum
1340 891 1515 967 dictasint,
1536 891 1569 955 σο

402 992 554 1058 civitatem
577 993 732 1077 reserenda
757 1013 830 1059 τιτι.

857 1311 1045 1384 enemo
1076 1285 1135 1382 m.

487 1509 554 1574 Iam
575 1528 678 1575 novae
701 1511 894 1596 quaestionis
913 1507 1038 1576 initium
1060 1511 1174 1587 oritur,
1200 1517 1233 1575 et
1253 1511 1426 1596 repetenda
1446 1513 1526 1576 hune
1543 1511 1570 1574 in

402 1610 497 1678 finem
520 1614 620 1678 verba
644 1611 800 1678 Platonis:
829 1608 1021 1700 Ὠικισμὲνη
1041 1617 1102 1700 μέν
1123 1613 1249 1693 τοίνυν,
1277 1599 1320 1693 ἦν
1349 1608 1381 1679 δ’
1411 1609 1492 1698 ἐγὼ,
1518 1608 1569 1693 ἤδη

403 1712 446 1783 ἄν
467 1739 524 1782 σοι
546 1717 612 1798 εἴη,
640 1702 666 1782 ὦ
687 1719 753 1782 παῖ
772 1709 988 1806 Ἀρίστωνος,
1017 1712 1038 1798 ἡ
1066 1709 1176 1794 πόλις·
1201 1712 1238 1782 τὸ
1261 1717 1297 1782 δὲ
1319 1711 1359 1798 δὴ
1380 1710 1464 1805 μετά
1485 1716 1569 1782 τούτο

403 1814 519 1886 σκόπει
547 1820 581 1886 ἐν
609 1813 706 1913 αύτῇ,
738 1819 809 1912 φῶς
837 1823 950 1886 ποθὲν
971 1814 1193 1908 πορισάμενος
1215 1815 1328 1885 ἱκανόν
1350 1815 1454 1897 αύτός
1474 1823 1569 1886 τεκαὶ

401 1919 459 1990 τὸν
482 1917 630 2014 άθελφὸν
650 1916 836 2012 παρακάλει
863 1927 919 1988 καὶ
943 1923 1163 2012 Πολέμαρχον
1183 1927 1240 1987 καὶ
1261 1918 1339 2000 τούς
1359 1919 1498 2003 ἄλλους,
1525 1915 1570 1988 ἐάν

402 2049 471 2105 πως
500 2025 636 2112 ἴδωμεν,
668 2025 733 2092 πού
761 2019 830 2090 ποτ’
856 2020 897 2090 άν
918 2025 966 2106 εἴη
988 2017 1009 2105 ἡ
1033 2019 1226 2106 δικαιοσύνη
1248 2029 1304 2092 καὶ
1325 2025 1390 2092 πού
1411 2020 1434 2106 ἦ
1456 2019 1569 2104 ἀδικία,

402 2132 458 2195 καὶ
486 2129 519 2195 τί
547 2124 706 2210 ἀλλήλοιν
738 2129 967 2252 (διαφέρετον,
981 2132 1038 2194 καὶ
1064 2123 1205 2214 πότερον
1233 2130 1286 2194 δεῖ
1309 2128 1498 2210 κεκτῆσθαι
1524 2124 1570 2194 τόν

401 2233 565 2319 μέλλοντα
594 2221 834 2318 ἕνδαίμονα
802 2255 901 2310 ειναι,
932 2224 989 2297 ἐάν
1016 2253 1051 2297 τε
1078 2225 1273 2326 λανθάνη’
1257 2225 1313 2298 εάν
1335 2255 1378 2298 τε-
1389 2228 1437 2319 μὴ
1459 2225 1570 2307 πάντας

401 2329 508 2413 θεούς
535 2359 571 2401 τε
599 2339 656 2401 καὶ
684 2328 897 2424 ἀνθρώπους.
939 2329 1041 2400 θύοιεν
1038 2331 1271 2456 λέγεις,ἐφη
1293 2330 1312 2400 ὁ
1334 2329 1511 2402 Γλαύκων·
1537 2330 1569 2400 σύ

402 2431 467 2527 γάρ
492 2433 636 2526 ὑπέσχον
666 2431 885 2519 invictam,t
864 2463 907 2515 ως
935 2431 996 2524 οὐχ
1025 2427 1119 2505 όσιόν
1146 2460 1201 2504 σοι
1231 2433 1269 2504 ὃν
1295 2433 1342 2526 μὴ
1372 2433 1412 2505 οὐ
1441 2439 1570 2524 βοηθεῖν
1626 2437 1627 2460 ¹

403 2535 649 2635 δικαιοσύναι
618 2565 664 2619 εις
685 2535 834 2670 δύναμιν
846 2545 944 2608 παντὶ
968 2535 1090 2632 τρόπῳ
1129 2535 1322 2623 Ἀληθῆ,
1304 2564 1387 2634 ειμην
1409 2539 1482 2626 ἐγὼ,
1502 2536 1569 2608 ύπο·

401 2638 611 2730 μιμνήσκεις,
641 2647 696 2710 καὶ
718 2646 871 2725 ποιητέον
897 2646 1012 2730 μένγε
1035 2635 1166 2724 ούτως,
1179 2668 1243 2733 χρη
1265 2646 1302 2710 δὲ
1323 2640 1420 2710 κάλ’
1400 2644 1569 2732 ομᾶςξνλ-

403 2740 593 2833 λαμβάνειν.
630 2741 733 2826 ”’,Αλλ
755 2745 836 2840 ἔφη,
866 2767 1046 2832 ποιησομεν
1068 2737 1180 2824 ούτως.
1226 2741 1396 2830 Ἐλπίζω
1371 2748 1569 2822 ωτοὶννν,

402 2836 504 2931 ἦνό’
528 2844 621 2934 ἐγὼ,
645 2843 835 2939 εὑρήσειν
864 2843 965 2916 αὐτὸ
996 2839 1078 2916 ὧδε.
1101 2841 1337 2937 οἶμαιὴμῐν
1359 2845 1568 2931 τηνπόλιν,

403 2954 519 3043 εἴπερ
563 2945 706 3075 ὀρθῶς
748 2975 791 3040 με
825 2949 1024 3044 ᾤκισται,
1068 2955 1213 3030 τελέως
1255 2948 1428 3080 άμμθὴν
1470 2943 1569 3020 εἶναι

398 3049 649 3144 Ἀνάγκη,”
630 3081 718 3146 εφη
763 3057 893 3138 Δηλον
920 3046 1032 3138 ὁὴ,“
1012 3079 1077 3122 οτι
1106 3051 1214 3148 σοφή
1244 3079 1263 3123 τ
1302 3057 1392 3123 ἐστὶ
1421 3061 1491 3123 καλ
1517 3049 1570 3120 άν·

402 3159 523 3248 θρείοι
546 3163 622 3226 καὶ
637 3154 809 3281 σώφρων
830 3185 900 3226 και
921 3159 1077 3226 δικαία.
1123 3161 1269 3241 Δῆλον.
1315 3149 1517 3226 (inanest
1499 3181 1516 3224 ο
1539 3181 1568 3220 τι

403 3259 452 3330 in
482 3257 616 3330 αὐτῶν
642 3254 822 3353 εύρωμεν
850 3265 890 3329 ἐν
918 3258 1036 3357 αὐτῇ,
1062 3259 1108 3328 τὸ
1136 3257 1416 3330 ύπόλοιπον”
1395 3285 1515 3329 εσται
1534 3253 1568 3325 τό

1626 2482 1628 2589 λ

402 3389 478 3454 οοχ
498 3388 741 3457 ενρημενον,
775 3366 823 3432 Te
842 3390 938 3452 μην
957 3357 1113 3454 Ωσπερ
1141 3361 1441 3433 τοινοναλλων
1462 3383 1569 3431 τινων
1624 3377 1625 3384 ’

400 3463 626 3559 τεττάρων,
671 3491 706 3535 οι
746 3470 787 3536 ἕν
821 3491 863 3535 τι
899 3470 1122 3555 εζητούμεν
1158 3465 1293 3536 αὐτῶν
1329 3465 1382 3535 ἐν
1405 3462 1568 3560 ότῳοον,
1624 3471 1625 3478 ’

401 3566 528 3641 ὁπότε
550 3573 717 3661 πρῶτον
737 3570 870 3638 έκεῖνο
893 3571 1086 3660 ἔγνωμεν,
1109 3572 1260 3650 ἱκανῶς
1281 3565 1329 3638 άν
1348 3559 1456 3659 εἶχεν
1475 3564 1568 3655 ημῖν,

401 3676 434 3740 ει
457 3677 499 3742 δὲ
522 3670 572 3741 τά
594 3674 691 3765 τρία
719 3669 924 3764 πρότερον
953 3676 1255 3766 εγνωρίσαμεν,
1283 3669 1391 3765 αύτῷ
1418 3669 1468 3741 ἂν
1492 3663 1568 3737 τού-

400 3799 454 3868 τῳ
485 3771 717 3900 ἐγνώριστο
746 3774 792 3843 τὸ
829 3772 1106 3865 ζητούμενον·
1145 3778 1271 3859 ὁηλον
1302 3801 1382 3866 γαρ
1411 3767 1480 3843 ότι
1507 3767 1568 3840 oin

399 3846 546 3946 άλλο”
527 3904 587 3948 ετι
608 3905 672 3962 ην,
697 3876 717 3963 ἢ
739 3877 785 3947 τὸ
807 3874 1082 3973 ὑπολειφθέν
1122 3875 1346 3972 ’ορθῶς,”
1328 3905 1421 3971 εφη,
1445 3882 1567 3964 λέγεις

399 3977 563 4050 θύκοῦν
591 3988 658 4050 καὶ
688 3988 780 4074 περὶ
803 3977 975 4063 τούτων,
1004 3979 1145 4064 ἐπειδὴ
1166 3987 1350 4070 τέτταρα
1371 3979 1470 4050 ὄντα
1491 4001 1568 4062 τον·

398 4079 537 4174 χάνοι,
570 4079 766 4164 ὡσαύτως
794 4087 1008 4168 ζητητέον,·
1045 4088 1156 4168 Δῆλα
1186 4082 1244 4166 δή.
1286 4087 1334 4152 Cf.
1362 4105 1395 4173 p.
1426 4087 1498 4150 aaa
1528 4084 1565 4145 Si

397 4187 558 4266 Tandem,
597 4190 722 4256 civitate
748 4192 791 4254 ita
822 4188 980 4274 descripta
1004 4197 1039 4254 ut
1064 4195 1170 4275 partas
1198 4192 1266 4254 eius
1296 4191 1336 4254 ad
1362 4187 1566 4273 explicandam
1623 4265 1624 4282 ρ

397 4291 535 4360 iustitiae
557 4294 721 4360 notionem
744 4288 889 4360 adhiberi
910 4299 1006 4378 pna'sa
1027 4295 1223 4372 viderentur,
1252 4293 1402 4362 iustitiam
1425 4305 1566 4378 quaerere
