3298 5232
853 409 1082 476 ...230-

379 568 454 662 έφη,
475 565 653 659 ἢτέτταρα
668 571 788 656 tipus,-
804 562 952 656 Ἀμέλει,
974 556 1074 650 εἷπον,
1098 568 1192 636 πέντε
1206 567 1281 646 θές.
1314 567 1361 634 Cf.
1375 587 1408 655 p.
1424 571 1499 645 539,
1514 571 1555 634 D.

378 675 467 752 Quos
488 672 533 739 ita
553 672 726 760 disciplinis
746 675 905 739 institutos
927 679 958 737 et
979 671 1175 738 examinatos
1196 693 1259 738 non
1273 670 1324 736 his
1339 671 1456 748 solnm,
1480 693 1557 758 quas

378 784 471 843 antea
490 777 749 865 perlustravimus
764 779 820 842 sed
842 775 1043 862 gymnasticis
1057 777 1152 841 etiarn
1167 773 1448 840 exercitationibus
1463 787 1558 860 atque

377 880 473 957 hello,
496 889 532 948 ut
550 887 743 968 perpetuam,
766 882 800 946 in
812 882 862 946 his
876 879 1079 966 Reipublicae
1093 883 1250 946 rationem
1264 877 1376 944 haberi
1389 889 1555 964 appareat,

378 991 419 1061 et,
439 987 727 1070 Pythagoraeorum
741 1004 840 1058 more,
863 1003 923 1067 pcr
938 982 1045 1048 varios
1062 985 1211 1048 λαιοτιιια
1223 983 1338 1065 predas
1351 985 1392 1048 ad
1403 990 1557 1048 contuen-

378 1091 451 1154 dam
468 1089 572 1154 ideam
582 1087 660 1154 boni
673 1091 836 1164 adductos,
851 1108 977 1154 nusum
991 1094 1135 1152 removet
1152 1107 1171 1152 a
1186 1083 1407 1170 philosophiae
1424 1084 1555 1152 studiis:

377 1187 481 1278 μετόν
508 1183 586 1282 γάρ
616 1191 741 1258 τοῦτο
771 1192 1107 1275 καταβιβαστέοι
1135 1187 1306 1257 ἔσονταί
1331 1211 1402 1255 σοι
1429 1185 1490 1267 εἰς
1513 1185 1557 1254 τὸ

378 1288 588 1378 σπήλαιον
609 1290 731 1361 πόλιν
761 1295 907 1374 έκεῖνο,
936 1297 1006 1360 καλ
1028 1288 1317 1378 ἀναγκαστέοι
1339 1288 1486 1382 ἀρχειν
1509 1287 1558 1358 τό

377 1423 419 1464 τε
447 1403 538 1488 περὶ
566 1394 638 1464 τόν
665 1391 938 1483 πόλεμονκαὶ
960 1387 1057 1463 ὅσαι
1078 1399 1175 1462 νέων
1196 1391 1339 1485 ἀργαὶ,
1369 1391 1436 1462 ἵνα
1458 1391 1554 1482 μηδ’

378 1501 575 1592 ἐμπειρία
603 1495 811 1591 ὑστερῶσι
840 1501 915 1566 τῶν
940 1496 1094 1566 ἀλλον·
1128 1499 1199 1566 Καὶ
1221 1498 1270 1566 ἔτι
1291 1503 1347 1566 καὶ
1369 1501 1402 1567 ἐν
1424 1494 1558 1578 τούτοις

375 1607 594 1692 βασανιστέοι
637 1599 668 1670 εἰ
708 1603 899 1691 ἐμμενοῦσιν
941 1597 1109 1688 ἑλκόμενοι
1151 1596 1337 1690 πανταχόσε
1374 1599 1395 1684 ἦ
1427 1627 1464 1668 τι
1502 1608 1558 1669 καί

378 1702 671 1799 παρακινήσουσιν.
714 1701 868 1799 χρόνον
907 1709 967 1790 δέ,
1007 1691 1028 1788 ἦ
1062 1700 1094 1772 δ’
1130 1699 1191 1787 ἀς,
1235 1700 1368 1772 πόσον
1402 1706 1559 1773 τοῦτον

377 1812 524 1894 τίθηςς
559 1811 862 1878 Πεντεκαίὸεκα
901 1808 984 1892 ἔτη,
1021 1795 1068 1891 ἦν
1103 1804 1133 1876 δ’
1169 1802 1253 1892 ἐγώ.
1296 1807 1446 1876 Attendas
1478 1813 1557 1876 mihi

376 1915 412 1983 iu
438 1914 488 1982 his
513 1914 553 1984 ad
573 1936 730 1982 annorum
749 1918 919 1983 rationem.
961 1907 1097 1994 Ἡνίκα,
1125 1914 1244 1999 inquit,
1273 1913 1344 1980 τῶν
1366 1908 1559 1999 ἀναγκαίαν

375 2019 566 2106 γυμνασίων
586 2020 779 2106 μεθίενται,
812 2017 861 2103 (b.
890 2039 920 2084 er
949 2016 1100 2082 vicesimo
1126 2018 1227 2083 ferme
1257 2016 1368 2084 aetatis
1389 2015 1491 2101 anno)
1526 2020 1558 2083 in

378 2125 494 2209 quihus
528 2126 592 2188 duo
622 2123 677 2188 vel
705 2130 770 2188 tres
797 2142 896 2189 annos
924 2129 1128 2205 permanent,
1162 2124 1202 2186 ad
1235 2122 1386 2206 synopsin
1415 2121 1560 2206 discipli-

377 2247 492 2293 narum
515 2228 716 2292 adducendos
737 2232 840 2309 putat,
863 2225 907 2290 ita
927 2231 1042 2300 tamen,
1064 2231 1099 2288 ut
1121 2229 1235 2290 eodem
1255 2228 1318 2290 hoc
1338 2233 1486 2310 tempore
1508 2226 1560 2291 rei

377 2330 507 2398 militari
532 2349 665 2414 operam
684 2335 809 2396 navent.
852 2327 1057 2395 Tricesimum
1079 2327 1189 2394 aetatis
1213 2349 1330 2393 annum
1352 2329 1473 2412 egressi
1497 2351 1560 2413 per

379 2437 519 2521 quinque
538 2453 638 2499 annos
659 2431 841 2498 dialecticae
859 2435 995 2502 student.
1038 2434 1168 2503 Eosdem
1187 2433 1439 2516 tcmputndectm
1459 2454 1559 2498 σπαοι

376 2541 446 2603 inde
469 2540 506 2604 cd
530 2539 642 2604 aetatis
669 2557 749 2602 ααιιο
777 2539 932 2620 tripectora
958 2539 1061 2620 putato
1090 2557 1182 2619 usqae
1206 2537 1250 2601 ad
1276 2537 1560 2620 ηαίαηνσητείαιειπ

376 2645 492 2708 relictis
520 2644 680 2706 literarum
706 2643 815 2706 studiis
846 2641 1026 2723 reipublicae
1056 2652 1180 2722 operam
1206 2659 1319 2704 accere
1346 2642 1420 2704 οιιίλ.
1472 2645 1558 2706 Num

377 2750 457 2811 haec
482 2743 541 2810 tibi
566 2743 737 2812 convenire
761 2747 909 2810 videntur
928 2763 1039 2809 eorum
1063 2743 1252 2824 sententiae,
1278 2745 1334 2831 qui
1356 2743 1390 2810 in
1411 2742 1461 2809 bis
1484 2745 1560 2830 phi·

377 2847 541 2935 loscphiae
561 2850 761 2935 praecipuam
783 2851 938 2914 rationem
960 2846 1072 2913 beheri
1091 2851 1221 2934 putant‘t
1253 2849 1364 2914 Nonne
1385 2855 1453 2913 tum
1473 2851 1559 2913 haec

376 2951 511 3020 omnino
535 2951 636 3018 omitti
666 2957 835 3035 poterant?
878 2956 990 3018 Nonne
1019 2950 1087 3016 sine
1102 2949 1346 3035 ¹vituperatione
1374 2950 1471 3018 multo
1501 2973 1559 3016 an-

377 3058 499 3142 gustius
523 3054 674 3143 temporis
700 3059 834 3142 spatium
867 3053 1003 3122 definire
1027 3056 1199 3141 potuisset,
1236 3070 1299 3139 quo
1332 3053 1475 3120 aliteris
1511 3059 1560 3122 di·

375 3160 592 3227 vellerentur?
634 3162 746 3226 Nonne
774 3180 814 3224 eo
840 3157 926 3245 qnod
951 3157 1131 3244 quindecim
1158 3158 1268 3224 acutis
1289 3178 1406 3235 annos,
1440 3157 1558 3228 studiis

375 3267 428 3331 vel
456 3263 635 3351 aptissimos
665 3285 706 3328 ex
733 3260 838 3328 media
863 3263 929 3328 vita
948 3263 1049 3339 tollit,
1085 3257 1141 3329 ἵνα
1169 3257 1249 3351 μηδ’
1282 3263 1432 3354 ἐμπειρία
1456 3257 1558 3330 ὑστε-

376 3369 458 3455 ρῶσι
479 3368 544 3434 τῶν
565 3363 689 3446 ἀλλων,
718 3366 914 3453 apertissime
935 3364 1138 3452 significavit,
1170 3364 1391 3451 philosophiae
1412 3365 1558 3434 studium

374 3470 426 3538 hio
447 3491 512 3541 non
526 3483 584 3536 su'a
598 3469 709 3555 gratia,
730 3467 788 3534 sed
810 3477 944 3553 propter
962 3467 1198 3557 Rempublicam
1220 3469 1369 3536 tractarit
1400 3467 1558 3537 Conferas

375 3595 455 3663 qnae
478 3576 582 3661 quarti
603 3573 678 3640 libri
699 3573 786 3639 initio
806 3576 890 3638 hunc
912 3576 945 3640 in
969 3572 1064 3640 linem
1087 3571 1244 3658 disputata
1264 3581 1347 3657 sunt,
1374 3581 1406 3640 et
1419 3593 1558 3640 revoces

374 3677 433 3744 tibi
454 3681 487 3745 in
508 3679 695 3744 memoriam
715 3681 866 3747 miserum
890 3697 1001 3744 eorum
1027 3683 1161 3753 statum,
1190 3677 1295 3763 quiin
1317 3676 1378 3743 isto
1400 3680 1557 3770 σπηλαίῳ

374 3781 485 3848 inclusi
506 3789 663 3860 tenentur,
692 3784 718 3848 si
741 3789 940 3868 comparetur
966 3802 1037 3848 cnm
1062 3779 1209 3847 beatitate
1235 3801 1345 3846 eorum
1367 3782 1421 3866 qui
1441 3778 1483 3846 ad
1510 3782 1560 3849 lu·
1639 3855 1640 3862 η

375 3905 444 3952 cem
467 3886 568 3951 evecti
588 3893 678 3962 sunt,
707 3893 774 3950 tum
796 3907 859 3952 non
884 3885 1016 3973 amplius
1039 3883 1197 3950 dubitabis
1218 3883 1295 3970 quin
1317 3883 1394 3950 hace
1414 3886 1458 3951 ita
1479 3884 1557 3966 sint,

373 3996 409 4055 ut
444 3987 590 4055 diximus.
645 3992 836 4075 Pergamus:
875 3993 1053 4077 γενομένων
1086 3990 1121 4054 δέ
1153 3985 1436 4069 πεντηκοντουτῶν
1471 3987 1558 4068 τοὺς

374 4095 607 4172 διασωθέντας
634 4098 690 4160 καλ
715 4087 975 4185 ἀριστεύσαντας
996 4086 1105 4160 πάντα
1127 4085 1234 4173 πάντη
1256 4093 1289 4158 ἐν
1311 4091 1417 4182 ἔργοις
1438 4116 1472 4158 τε
1498 4100 1557 4160 καὶ

375 4189 570 4283 ἐπιστήμαις
597 4193 698 4287 πρὸς
727 4199 846 4274 τέλος
872 4192 946 4280 ἤδη
973 4195 1140 4274 ἀκτέον,
1169 4201 1240 4263 καὶ
1263 4190 1557 4280 ἀναγκαστέον

373 4295 686 4383 ἀνακλίναντας
723 4298 795 4386 τὴν
823 4301 893 4388 τῆς
921 4300 1058 4398 ψυχῆς
1085 4293 1215 4387 αὐγὴν
1244 4293 1301 4377 εἰς
1322 4293 1422 4373 αὐτὸ
1445 4293 1556 4367 ἀπο-
