3298 5232
876 437 918 459 -·
963 407 1108 474 lita-

409 561 532 656 νὸμους
560 592 594 634 τε
622 571 677 635 καὶ
700 562 939 655 ἐπιτηδεύματα
961 563 1100 644 πόλεων,
1130 560 1268 644 τούτους
1290 558 1500 632 καθιστάναι
1524 557 1582 658 epil·
1638 557 1639 568 ἵ

408 675 522 750 λακας.
560 665 705 762 Ὀρθῶς,
727 670 801 762 ἔφη.
823 707 865 722 -
886 679 922 736 ut
941 673 1076 738 lectores
1098 691 1132 738 se
1155 670 1260 737 elusos
1273 690 1337 736 non
1352 669 1499 736 sentiant.
1538 672 1582 734 En

407 774 474 840 istis
497 774 580 842 enim
602 774 704 841 omnis
726 777 874 862 deinceps
896 796 1002 841 sermo
1024 775 1198 850 deducitur,
1221 776 1275 862 qui
1296 782 1387 839 sexto
1404 782 1436 838 et
1450 775 1582 857 septimo

369 889 371 892 ’
408 877 490 945 libro
515 884 554 945 de
576 881 695 963 optima
716 877 876 966 republica
897 879 997 955 inest,
1019 900 1079 945 nec
1099 882 1251 956 lectores,
1275 878 1374 943 semel
1395 877 1434 944 de
1457 877 1511 943 via
1534 880 1583 942 ‹le-

408 981 509 1059 ducti,
542 990 574 1049 et
602 1005 712 1050 eorum
742 1005 823 1072 quae
849 983 996 1050 dicuntur
1024 983 1177 1070 gravime
1199 990 1230 1048 et
1251 982 1421 1071 splendore
1444 984 1530 1068 capti
1552 1001 1584 1047 ao
1638 981 1640 1064 l

407 1085 546 1164 deliniti,
575 1108 609 1153 se
638 1087 670 1153 in
698 1086 810 1154 eodem
833 1107 944 1153 errore
963 1108 1151 1171 permanere
1172 1086 1436 1153 animadvertunt.
1483 1089 1583 1164 Quam

407 1189 517 1256 callide
544 1194 624 1256 haee
652 1190 757 1257 omnia
786 1192 913 1258 inventa
941 1198 1014 1259 sunt
1042 1195 1083 1258 ad
1112 1190 1277 1260 celandum
1306 1192 1413 1274 operis
1435 1187 1535 1254 finem
1557 1197 1585 1254 et

407 1297 447 1359 ad
461 1294 613 1360 fallendos
625 1291 780 1362 *lectore'sl
804 1286 894 1360 Hane
912 1293 1011 1362 solam
1033 1293 1075 1360 ob
1098 1315 1223 1362 oausam
1245 1293 1296 1360 hio
1318 1301 1412 1381 eaput
1425 1294 1585 1380 quaestio·
1638 1303 1639 1308 ’

406 1400 455 1465 nis
483 1419 547 1464 non
562 1398 677 1465 solum
703 1399 736 1465 in
765 1398 951 1465 memoriam
980 1405 1162 1488 revocatur,
1193 1434 1236 1447 —
1265 1403 1351 1484 quod
1378 1419 1419 1464 ne
1442 1403 1584 1464 exirete

406 1501 577 1588 legentium
606 1501 718 1568 animis
746 1502 919 1569 timendum
947 1501 1022 1578 tuit,
1057 1507 1153 1588 quum
1181 1501 1213 1566 in
1233 1505 1331 1568 rebus
1352 1501 1392 1568 ab
1415 1524 1455 1568 eo
1477 1501 1585 1567 alienis

347 1650 354 1670 .
406 1614 471 1671 tam
500 1608 554 1671 diu
583 1616 764 1673 versaretur
791 1605 895 1672 oratio
914 1605 1035 1676 -r-sed
1056 1609 1099 1678 ob
1121 1605 1253 1674 eandem
1275 1627 1402 1672 oausam
1423 1606 1585 1672 Platonem

407 1719 471 1776 tam
493 1708 650 1795 ambiguis
672 1708 778 1776 verbis
800 1710 847 1776 uti
868 1711 1026 1790 videmus,
1056 1717 1091 1776 ut
1118 1710 1182 1776 iam
1204 1714 1243 1776 ad
1265 1710 1402 1777 iustitiae
1428 1709 1585 1798 quaestio

406 1835 480 1882 uem
502 1819 653 1894 accedere
675 1818 850 1885 orationem
870 1818 1001 1893 cretiana
1025 1823 1085 1882 net
1106 1814 1232 1881 diversa
1245 1818 1326 1882 ratio
1339 1814 1419 1890 fuit,2
1435 1813 1483 1879 ob
1496 1833 1585 1902 quam
1638 1811 1639 1826 ²

408 1939 502 1984 omne
531 1914 605 1984 libri
635 1919 716 1986 sexti
746 1926 778 1985 et
803 1917 929 2003 septimi
951 1923 1171 2004 argumentum
1192 1917 1334 1984 reticuit·
1371 1922 1453 1984 Nam
1475 1919 1524 1984 ita
1544 1919 1586 1983 fu-
1638 1933 1639 1996 t

408 2043 484 2106 gere
506 2022 701 2096 audientium
722 2022 845 2091 animos
865 2043 993 2091 necesse
1013 2021 1091 2099 luit,
1123 2044 1217 2108 quam
1246 2025 1343 2088 multa
1373 2021 1426 2087 bio
1455 2021 1585 2088 interse-

407 2134 520 2193 rantur
540 2147 560 2190 a
581 2128 725 2211 specioso
755 2125 861 2213 operis
888 2125 951 2192 fine
977 2125 1097 2202 aliena,
1127 2147 1209 2214 quae
1231 2148 1327 2212 quum
1350 2123 1585 2192 abunde-satis·

407 2230 534 2294 lecisset
552 2228 702 2296 'Socrates
724 2229 875 2297 voluntati
898 2249 1022 2306 eorum,
1045 2232 1100 2315 qui
1122 2229 1223 2316 quinti
1244 2213 1317 2296 libri
1338 2229 1432 2296 initio
1454 2251 1586 2316 rogave·

407 2339 480 2402 naut
500 2339 537 2400 ut
557 2331 596 2400 de
618 2330 793 2401 liberorum
814 2332 1046 2421 mulierumque
1060 2333 1283 2402 communione
1297 2333 1429 2410 diceret,
1455 2355 1499 2400 ne
1514 2338 1585 2400 bane

407 2435 536 2523 quidem
558 2435 600 2504 ob
622 2451 748 2506 oausam
769 2436 952 2523 explicanda
968 2437 1106 2514 fuerunt,
1131 2437 1309 2504 etiamalio
1330 2437 1460 2520 simulet
1478 2443 1586 2504 Soura·

406 2549 464 2623 tos,
486 2564 546 2608 neo
566 2540 659 2612 aliem
682 2545 723 2610 ob
745 2557 873 2630 oausam
894 2540 976 2608 diota
995 2549 1077 2622 sunt,
1099 2556 1190 2624 quem
1207 2543 1345 2624 qimand
1358 2544 1530 2624 montom
1548 2545 1586 2607 ei·

405 2648 528 2712 nitatem
553 2640 761 2729 pertinebunt,
807 2646 840 2712 iu
859 2659 941 2732 iqua
971 2651 1127 2712 uersatur¹
1148 2647 1229 2710 baeu
1258 2644 1367 2711 omma
1402 2647 1583 2732 disputatio.

407 2752 517 2834 Neque
543 2767 622 2818 tero
648 2748 873 2827 retinendnms
896 2748 981 2834 quod
1002 2747 1170 2834 baeu-ipsa
1191 2769 1262 2816 nesi
1285 2749 1324 2815 ri.
1340 2751 1497 2841 διαφέρει
1519 2753 1585 2837 βίος
1638 2759 1639 2792 ³

409 2854 537 2930 δίκαιος
558 2847 692 2931 ἀδίκου,
721 2871 819 2938 quam
838 2860 967 2939 postea,
990 2850 1195 2938 Reipublicae
1215 2850 1344 2940 quidem
1365 2853 1464 2938 puella
1490 2853 1585 2938 eupli

408 2976 482 3034 curo
503 2958 651 3044 'capitum
674 2958 729 3034 ita
754 2965 839 3025 reete
866 2957 901 3026 iu
915 2958 1115 3025 'mombriam
1136 2943 1315 3040 minuatur.
1335 2959 1437 3021 :llam
1459 2956 1506 3022 ita
1528 2977 1585 3022 nun

407 3063 511 3136 solum
525 3060 583 3135 bie
605 3059 689 3133 liber
703 3079 781 3128 'oum
803 3060 908 3148 quarti
922 3059 1002 3130 libri
1023 3058 1094 3126 lina.
1110 3063 1272 3146 quintique
1292 3059 1387 3132 initio
1400 3060 1584 3144 oopul'atur3

408 3169 467 3238 sedi
492 3164 525 3234 id
553 3164 649 3234 etiam
671 3164 1007 3252 mmmmm-ulna,
1039 3172 1073 3230 ut
1092 3182 1157 3230 uon
1178 3163 1291 3232 miram
1313 3163 1435 3230 aecidat
1455 3164 1586 3250 legenti

407 3252 486 3346 im,
522 3254 607 3356 quol
637 3267 727 3337 libris
753 3269 957 3356 Reipublioen
984 3268 1153 3354 postremis
1185 3264 1300 3334 dooere
1316 3274 1484 3345 'mutin
1519 3277 1586 3335 utra

410 3381 548 3460 praestet
568 3371 650 3450 vita,
674 3375 755 3440 iusta
776 3372 964 3441 auiniustta
992 3375 1088 3438 llam
1109 3370 1143 3438 id
1159 3371 1344 3438 ‘necessario
1367 3372 1585 3458 enpltoandum

408 3475 497 3554 luit„
514 3475 541 3542 si
570 3475 813 3549 ‹lacertavollet¹
835 3476 912 3563 quid
933 3473 1098 3560 differrent
1117 3474 1202 3542 inter
1223 3479 1257 3545 s'o
1278 3475 1389 3542 o'iuius
1409 3473 1497 3542 bona
1518 3475 1585 3541 reli·
1638 3457 1639 3540 l

409 3593 572 3667 quaeque,
606 3579 722 3666 quibus
747 3578 807 3646 alia
836 3578 940 3646 omnia
968 3579 1130 3666 proposita
1150 3587 1241 3657 suut,
1274 3587 1403 3666 praeter
1422 3582 1582 3646 virtutem.

408 3682 595 3768 Intelligitur
628 3687 688 3760 ita,
719 3679 1070 3767 banovdiaputationem
1101 3681 1142 3750 de
1173 3681 1206 3749 vi
1234 3691 1328 3768 atque
1352 3681 1478 3749 elleotu
1507 3685 1583 3750 vitae

408 3787 508 3868 iustae
519 3787 737 3871 iniustaeque,
761 3785 924 3874 civitatum
938 3795 967 3854 et
982 3786 1185 3873 Reipublicae
1203 3790 1302 3872 pratia
1316 3786 1439 3852 institui
1454 3786 1583 3853 debere.

410 3891 505 3968 Quod
524 3890 567 3958 ita
586 3889 704 3956 fantum
726 3911 798 3964 esse
818 3912 839 3964 a
858 3890 988 3958 Platone
1018 3889 1199 3977 apparebit;
1232 3911 1291 3956 neo
1319 3889 1415 3956 alium
1437 3891 1472 3956 in
1494 3890 1585 3956 finem

409 4013 482 4063 eum
509 3997 549 4070 be
563 3994 774 4080 singulorum
795 3992 973 4064 boninum}
985 3996 1068 4060 ritae
1089 3992 1426 4060 statuet'oonditlone
1447 3993 1585 4060 loentum

409 4095 681 4176 eseouldebimun
701 4100 800 4183 quani
822 4101 1015 4174 uttlboenot.
1037 4100 1092 4186 qni
1105 4095 1584 4174 estetffivsmmm'eivmtim,

410 4211 443 4272 ot
455 4223 482 4274 a.
497 4198 634 4278 institiae
650 4201 1013 4290 asiniustiti'aequae-in'
1022 4201 1338 4290 iiedeprebenuatur,
1353 4204 1425 4269 fons
1440 4211 1471 4268 et
1485 4204 1584 4287 origo.

411 4307 561 4378 Cetertma
589 4307 725 4391 sapienti
751 4305 970 4384 moderatione
994 4325 1071 4376 usias
1096 4308 1247 4388 Socraten
1263 4303 1410 4394 'em''res,
1441 4309 1583 4393 quaeat
