3312 5238
569 435 613 456 ..
653 403 706 472 ἠ’
738 441 790 510 „3

80 573 172 640 dictis
200 579 346 659 consina
375 571 527 659 velint'lc
553 583 740 640 sermonem·
760 574 817 662 qni
843 579 987 645 cantetur
1011 579 1144 648 eandem
1173 584 1268 672 aequi·

80 677 226 762 regulam
256 675 389 754 debere,
423 697 520 764 quam
542 676 601 764 qui
626 698 693 744 non
719 687 879 756 cantetnr,
912 684 1112 762 harmoniam
1133 707 1211 752 vcro
1233 695 1266 755 ct

79 781 262 866 rhythmum
271 781 417 851 sermoni
430 780 743 848 accommodandum.
767 787 919 850 demovet
933 786 1030 872 igitur
1045 787 1264 858 lamentabiles

78 885 274 963 harmonias,
297 885 372 952 item
394 884 506 951 molles
520 892 616 969 atque
629 885 819 975 convivales,
841 887 992 974 relinquit
1009 891 1113 966 solum
1127 887 1187 960 δύο
1202 888 1264 980 ἁρ-

78 994 208 1076 μονίας,
233 988 361 1075 βίαιον,
384 982 550 1066 ἑκούσιον,
574 983 838 1076 δυστυχούντων,
865 987 1098 1080 εὐτυχούντων,
1129 991 1264 1088 σωφρό-

79 1116 152 1172 νων,
178 1086 333 1176 ἀνδρείων
359 1085 480 1168 αἳτινες
503 1085 685 1182 φθόγγους
706 1087 908 1178 μιμήσονται
936 1091 1115 1178 κάλλιστοι,
1137 1095 1265 1178 ταύτας

80 1195 162 1261 λίπε.
213 1196 260 1260 Cf.
287 1214 318 1280 p.
346 1198 428 1268 399,
458 1195 493 1258 C.
541 1194 618 1259 Cum
648 1215 713 1279 qno
741 1195 813 1262 loco
840 1197 965 1285 longior
993 1221 1075 1288 qnae
1104 1204 1266 1288 praecedit

82 1297 261 1384 expositio,
283 1297 345 1364 viri
364 1296 458 1364 fortis
479 1315 516 1364 ac
537 1297 704 1383 temperati
725 1299 758 1366 in
780 1301 893 1388 queris
914 1301 999 1369 ritae
1019 1311 1102 1372 statu
1123 1303 1264 1373 indolem
1365 1363 1367 1375 r

82 1400 248 1477 exbibens,
277 1400 371 1487 plane
389 1403 548 1486 congruit.
595 1403 697 1480 Quam
727 1399 769 1466 ob
790 1421 860 1468 rem
881 1423 922 1468 ne
943 1403 1057 1490 recipit
1078 1405 1207 1490 qnidam
1229 1405 1263 1476 in

83 1507 240 1572 civitatem
261 1504 397 1572 aliorum
415 1507 611 1573 musicorum
631 1505 1046 1584 instrumentommnbros,
1070 1527 1165 1594 qnam
1178 1529 1262 1598 qnae

84 1618 152 1696 apta
182 1608 245 1674 sint
271 1609 347 1676 huic
366 1608 506 1676 mimicae
525 1607 646 1694 generi.
676 1604 715 1676 οὐ
743 1612 929 1696 θρέψομεν.
981 1607 1027 1678 Od
1053 1607 1264 1704 φαινόμεθα.

90 1714 126 1778 Τι’
148 1714 186 1780 δέ
213 1707 414 1790 αὐλοποιοὺς
439 1708 459 1793 ἢ
482 1707 628 1792 αὐλητὰς
652 1714 817 1806 παραδέξῃ
845 1709 891 1790 εἰς
918 1710 978 1794 τὴν
998 1709 1112 1799 πόλιν,
1147 1719 1264 1802 Lyram

86 1817 186 1884 solum
205 1824 239 1884 et
260 1818 411 1882 citharam
435 1837 507 1881 cum
528 1813 632 1882 listnla
652 1814 813 1903 relinquit.
855 1811 956 1906 Λύρα
988 1813 1028 1898 δή
1056 1841 1126 1899 σοι,
1160 1805 1200 1900 ἦν
1228 1815 1261 1886 ‹i'

85 1917 160 2005 ἐγὼ,
183 1924 240 1986 καὶ
262 1914 396 2008 νιθοὲρσι
420 1921 580 1998 λείπεται,
619 1923 675 1986 καὶ
707 1915 795 1986 κατὰ
828 1913 925 1988 πόλιν
949 1916 1108 2010 χρήσιμα·
1138 1927 1195 1989 καὶ
1219 1907 1265 1994 cd

84 2019 152 2090 κατ’
181 2018 304 2112 ἀγροὺς
329 2028 403 2101 τοῖς
426 2023 561 2110 νομεῦσι
586 2017 702 2111 σύριγξ
729 2019 770 2090 ἄν
791 2047 841 2099 τις
864 2023 923 2104 εἴη,
962 2017 1031 2100 ‘tic
1052 2024 1148 2110 γοῦν,
1178 2024 1263 2118 ἔφη,

85 2119 227 2210 dl'dyoc
252 2122 329 2214 ἡμῖν
355 2127 515 2214 σημαίνει.
558 2128 656 2194 Panlo
681 2133 753 2213 post
777 2127 848 2192 Kal
869 2122 908 2207 νὴ
933 2122 993 2194 τὸν
1014 2122 1113 2209 κύνα,
1141 2128 1264 2214 inquit,

84 2225 278 2316 λελήθαμέν
301 2255 336 2316 γε
356 2229 648 2318 ’διακαθαίροντες
675 2225 775 2298 πάλιν
801 2222 844 2310 ’ἣν
871 2225 948 2320 ἄρτι
976 2231 1108 2322 τρυφᾷν
1137 2231 1264 2324 ἔφυμεν

83 2329 191 2401 πόλιν.
232 2333 495 2425 Σωφρονοῦντὲς
518 2358 553 2419 γε
575 2327 677 2420 ἡμεῖς,
702 2320 722 2414 ἦ
745 2328 775 2400 d'
800 2324 889 2424 33³).
923 2329 999 2400 Ἴθι
1014 2331 1065 2415 δὴ,
1094 2333 1187 2427 ἔφην,
1207 2341 1262 2404 καὶ

85 2434 126 2504 τὰ
150 2432 253 2504 dccccl
272 2437 500 2524 καθαίρωμεν.
520 2434 568 2502 tt.
589 2456 621 2521 p.
643 2439 714 2512 399,
736 2440 773 2506 Ε.
814 2440 859 2504 Ita
881 2437 1039 2504 civitatem
1054 2437 1088 2504 in
1102 2437 1264 2506 luxuriam

84 2540 267 2628 prolapsam
288 2561 425 2625 purgare
446 2539 666 2606 tantummodo
689 2560 723 2605 se
749 2539 829 2606 velle
851 2540 1000 2607 simulans
1026 2542 1263 2614 Socrateseffe·

85 2647 136 2718 cit,
159 2651 196 2710 nt
215 2643 317 2727 ipsius
337 2644 513 2720 consilium,
536 2663 600 2734 qno
615 2641 765 2728 optimam
778 2642 936 2710 civitatem
952 2643 1161 2722 describebat,
1189 2667 1263 2715 nana

85 2747 128 2813 ad
154 2748 314 2814 civitatem
342 2747 419 2814 baec
446 2748 553 2814 omnia
580 2746 751 2832 pertinere,
766 2767 807 2814 ne
828 2747 897 2833 ipsc
920 2747 1048 2835 quidem
1070 2748 1261 2828 &cumulata

85 2855 228 2918 nondum
248 2857 437 2936 patesceret,
467 2871 525 2916 nec
552 2858 656 2916 tamen
677 2859 787 2934 postea
809 2853 964 2919 mirentur
984 2852 1136 2930 lectores,
1165 2873 1263 2940 quum

85 2953 119 3020 id
150 2953 215 3022 iam
243 2953 283 3020 ab
303 2954 401 3025 initio
430 2961 583 3022 secutum
599 2975 634 3022 se
662 2975 732 3022 esso
759 2959 791 3020 in
817 2953 866 3020 his
888 2961 969 3022 tecte
988 2954 1148 3024 fateatur.=
1178 2957 1263 3036 Quid

158 3264 185 3332 *)
202 3267 290 3322 Verba
307 3267 365 3329 Kal
382 3261 400 3320 ὁ
419 3263 769 3336 Παυκωνθιιιγελάσσς,
785 3263 861 3338 Ἐγὼ
880 3269 990 3328 τοίνυν,
1010 3262 1081 3336 ἔφη,
1101 3261 1125 3322 cd
1143 3265 1260 3342 Σώκρα·

87 3373 144 3422 τες,
163 3352 314 3408 κιυᾶινευω
333 3353 444 3422 ἐκτὸς
462 3355 529 3410 τῶν
551 3353 817 3411 πάντωνεῖναι·
837 3371 932 3421 parurn
951 3365 1021 3412 recte
1040 3359 1172 3412 intellexit
1184 3361 1262 3414 Stalt-

87 3447 212 3498 baumiua
237 3449 273 3495 tta
292 3445 426 3514 scribens:
453 3447 553 3508 «piane
572 3447 638 3498 nihil
655 3450 739 3506 scire,
766 3447 844 3510 plane
863 3449 929 3498 nibil
948 3447 980 3499 de
999 3449 1095 3500 haere
1117 3449 1261 3504 decernere

88 3549 201 3598 posse.»
238 3534 312 3596 Quae
333 3548 414 3598 quum
434 3536 562 3588 scriberet
581 3549 633 3586 non
653 3535 765 3588 attendit
783 3536 863 3589 verba
877 3537 1062 3600 praecedentia
1080 3537 1136 3604 ιιᾶς
1153 3533 1263 3607 ἧδηόἲν

88 3620 172 3696 εὕροι
190 3640 217 3674 κ.
237 3638 260 3674 τ.
279 3622 303 3675 ἑ.
324 3630 350 3675 et
368 3625 439 3688 quod
459 3625 532 3675 addit
552 3625 666 3682 Glauco,
698 3639 725 3677 se
751 3627 778 3675 in
803 3628 951 3689 praesentia
980 3626 1087 3689 quidem
1115 3641 1169 3678 non
1198 3631 1261 3680 sctis

89 3727 166 3776 posse
187 3712 296 3763 delinire
316 3727 383 3776 quae
404 3714 517 3764 dicenda
535 3717 601 3774 sint,
621 3716 749 3775 suspicari
768 3721 872 3766 tamen:
893 3708 1006 3767 οὔκουν
1025 3713 1133 3780 ἱκανῶς
1150 3733 1184 3784 γε
1202 3711 1262 3782 ἔχω

88 3801 119 3854 ἐν
136 3799 178 3869 τῷ
197 3797 321 3874 παρόντι
338 3802 550 3869 ξυμβαλέσθαι,
568 3797 732 3855 uetadun
747 3802 793 3856 dei
806 3799 885 3871 ἡμᾶς
898 3802 1002 3870 λέγειν,
1022 3797 1181 3857 ὑποπτεύω,
1194 3807 1263 3872 μέν·

87 3906 145 3944 τοι.
183 3890 319 3954 Numqui
343 3903 397 3942 non
421 3895 483 3944 satir
502 3897 590 3956 potest
608 3893 737 3956 delinire,
766 3896 917 3958 suspicatur
935 3899 1040 3950 nmen,
1069 3896 1091 3946 ts
1110 3908 1163 3947 non
1182 3895 1261 3958 plana

88 3980 154 4032 ninii
172 3982 232 4032 scit.

156 4121 192 4191 “l
219 4125 278 4178 Non
302 4129 372 4176 recte
392 4125 533 4188 explicavit
554 4124 744 4179 Staltbanmius
772 4130 837 4180 hacc
863 4128 943 4182 rerba
967 4130 1091 4182 vertens:
1116 4131 1141 4181 st
1158 4129 1262 4194 quadam

88 4217 215 4278 acptmcc.
251 4215 318 4266 Nam
341 4207 484 4267 aicttsstmc
509 4216 652 4268 cohaerent
675 4229 734 4269 cum
752 4219 839 4271 rcrbts
857 4223 974 4282 proxime
994 4220 1216 4285 praecedentibus
1235 4223 1263 4272 ct

91 4306 218 4360 vertenda
234 4309 315 4358 aunt:
335 4317 383 4358 nos
403 4305 515 4370 quidem
529 4303 622 4358 sobrii.
