3344 5234
874 400 1085 468 230...

388 555 533 628 nlnt'illis
555 561 714 633 meliores.
745 596 788 612 -
816 551 953 630 Marinio
975 570 1079 630 autem
1101 563 1262 630 mirabiles
1282 559 1571 630 viderisermones

389 661 447 752 qui
462 664 509 731 tle
531 665 590 731 llis
612 664 801 741 habeantur,
825 667 975 754 quod-dii
998 667 1103 733 multis
1124 666 1216 734 bonis
1238 665 1382 734 miserias
1405 675 1437 734 et
1457 665 1571 731 malam

389 768 483 834 tilam
506 765 685 846 tribuerint,
709 763 876 837 contrariis
898 779 1001 836 sutem
1024 772 1213 838 contrariam
1229 779 1358 836 sortem.
1385 773 1571 836 ‘Praeterea

389 867 536 962 ἀγύρτας
561 879 616 938 καὶ
636 869 997 962 μάννειςφοιιίιιὰοιο,
1028 895 1097 940 esse
1119 873 1180 940 eibi
1195 861 1413 940 luculleleni'a
1433 873 1496 939 (liis
1517 871 1572 937 ‹la-

388 986 466 1051 tern,
489 975 651 1042 sanifioiis
672 985 703 1042 et
724 978 931 1053 carminibus,
955 977 1073 1064 siquis
1095 978 1171 1065 qnid
1192 978 1344 1044 iniustum
1367 976 1570 1050 commiserit.

389 1079 423 1144 io
453 1079 602 1166 expiandi
629 1099 700 1146 eam
731 1080 944 1168 voluptatibus
967 1091 997 1146 el
1018 1081 1121 1156 festis,
1155 1092 1201 1157 et,
1235 1082 1261 1148 si
1284 1081 1433 1147 damnurn
1455 1079 1571 1145 afferre

387 1182 515 1249 inimico
537 1183 628 1260 velit,
657 1184 792 1250 nocendi
819 1202 891 1251 eum
918 1185 1002 1251 iusto
1024 1193 1092 1250 tum
1114 1184 1247 1261 inlusto,
1282 1183 1518 1252 inductionibus
1541 1192 1572 1248 et

389 1285 536 1352 vinculis·
551 1275 788 1374 persuadentes
804 1288 865 1355 diis
891 1289 1013 1355 servire
1042 1285 1130 1372 ipsis.
1173 1291 1244 1355 Non
1273 1288 1389 1353 mirum
1419 1285 1517 1371 igilur
1543 1287 1573 1352 sl

388 1388 612 1466 adolescentes,
637 1394 690 1479 qui
713 1411 754 1456 ox
775 1389 870 1458 dietis*
889 1413 968 1481 quae
990 1401 1163 1478 sequantur
1183 1401 1269 1458 reete
1290 1392 1443 1476 colligere
1462 1391 1570 1466 sciant,

391 1493 432 1559 od
453 1485 646 1569 iniustitiam,
669 1499 777 1580 speeie
797 1495 933 1562 iustiliae
955 1505 1099 1562 ornatam
1122 1489 1316 1572 d'elerantun
1341 1515 1439 1581 quum
1454 1494 1572 1560 iustum

389 1619 473 1671 esse,
509 1598 569 1663 nisi
597 1599 695 1663 etiam·
720 1599 874 1675 ridearis,
913 1599 991 1665 nllnil
1013 1603 1142 1666 omnino
1163 1599 1276 1687 prosit.
1328 1595 1505 1664 Vincendus
1528 1597 1572 1662 ila

388 1701 490 1770 videri
511 1701 628 1768 iniusto
651 1699 848 1769 difficultates
870 1723 980 1770 omnes
996 1703 1149 1779 ullateat,
1173 1701 1407 1769 coniurationes
1423 1711 1455 1767 et
1468 1701 1572 1768 socie-

388 1814 466 1874 tates
492 1805 661 1880 ineundas,
693 1806 913 1874 addiscendam
942 1815 1041 1873 artem
1070 1807 1286 1894 persuasionis
1307 1806 1341 1871 ln
1363 1810 1516 1872 conolone
1540 1813 1572 1872 et

387 1909 420 1976 in
442 1905 584 1988 iudiciis3
615 1907 708 1987 deos,
726 1910 758 1976 si
779 1931 844 1976 non
866 1911 943 1988 sint,
966 1928 1079 1997 parum
1101 1915 1266 1986 curandos,
1290 1910 1322 1976 si*
1340 1909 1420 1987 sint,
1445 1906 1572 1997 placen»

388 2012 447 2078 dos
469 2011 630 2078 sacrifieiis
652 2024 683 2079 et
704 2013 900 2091 muneribus,
923 2009 1154 2080 initiationibus
1176 2014 1307 2100 aliisque
1322 2012 1451 2079 modin·
1480 2016 1571 2090 Quae

389 2137 487 2203 quum
508 2115 649 2191 basiat,
671 2136 738 2182 non
759 2117 891 2192 mirum,
913 2117 941 2184 si
963 2136 1073 2184 omnes
1095 2137 1252 2184 summam·
1273 2116 1458 2183 iniustitiam
1479 2112 1571 2182 iusti*

389 2220 451 2286 tine
472 2217 663 2306 praeierant.
711 2219 786 2315 Eius
815 2230 920 2285 autem
948 2224 995 2286 rei
1021 2233 1152 2287 oausam
1173 2241 1260 2297 esse,
1289 2220 1374 2306 quod
1395 2239 1491 2286 nemo
1512 2243 1572 2286 un·

391 2342 486 2408 quarn
507 2323 658 2390 iustitiam
680 2323 854 2390 lnudeverit
875 2323 938 2390 alio
959 2324 1066 2400 modo.
1089 2332 1233 2411 qunmut
1246 2323 1399 2410 gloriam
1417 2328 1570 2401 bonores,

390 2426 531 2515 praemia
561 2449 642 2514 quae
669 2426 744 2492 inde
774 2428 931 2505 orientur,
964 2429 1159 2514 respexerit3
1191 2423 1330 2502 aritini?
1356 2421 1572 2522 ἑκάτεροντῇ

391 2526 495 2597 αὑτοῦ
516 2526 651 2618 δυνάμει
670 2533 710 2598 ἒν
732 2531 777 2624 τῇ
798 2528 868 2598 τοῦ
889 2531 1057 2619 ἔχοντ-ος
1078 2533 1189 2627 ψυχῇ
1210 2529 1373 2598 &obveni
1395 2526 1572 2598 λανθάνοι

389 2629 496 2712 θεούς
519 2657 555 2700 se
584 2641 641 2701 καὶ
663 2630 866 2724 ἀνθρώπους
886 2632 992 2714 οὐδεὶς
1015 2631 1146 2702 πώποτε
1165 2631 1229 2702 οὐτ’
1250 2638 1283 2702 ἐν
1304 2629 1435 2716 ποιήσει
1454 2630 1520 2701 οὔτ’
1539 2635 1571 2700 ἐκ

389 2732 629 2824 ἰδέαις··λὸγοις’
651 2735 828 2820 ἐπεξῆλθον
860 2739 977 2816 ἱκανῶς
1000 2739 1045 2830 τῷ
1069 2735 1166 2830 λόγῳ,
1196 2734 1238 2818 ὠς
1264 2734 1314 2804 τὸ·
1326 2745 1387 2825 μὲν
1414 2738 1571 2824 μέγιστον

389 2839 497 2910 κακῶν
526 2834 604 2910 ὅσα
637 2843 749 2929 ἴσχεο
773 2839 884 2930 ψυχὴ
907 2844 946 2908 ἐν
971 2838 1096 2937 αὐτῇ,
1130 2838 1321 2924 δικαιοσύνη
1350 2845 1385 2908 δὲ
1414 2844 1570 2928 μέγιστον

390 2943 540 3033 ἀγαθόν.
583 2947 722 3012 Postulat
742 2945 838 3030 igitur
858 2954 892 3012 ut
914 2965 978 3011 non
1000 2945 1102 3012 solum
1124 2943 1236 3012 doeeat
1257 2965 1405 3022 sermone
1428 2944 1514 3032 quod
1531 2944 1570 3010 sit

388 3050 506 3118 iustitia
527 3049 676 3116 iniustitia
698 3048 815 3136 potior,
837 3049 893 3114 sed
914 3069 1009 3136 quam
1030 3049 1094 3114 vim
1116 3069 1266 3116 exserens
1286 3057 1421 3136 utraque
1441 3049 1475 3114 ln
1497 3067 1569 3116 eum
1658 3119 1659 3142 1

389 3158 444 3243 qui
465 3158 580 3220 habeat
593 3153 679 3231 illas,
702 3153 769 3239 ipss
789 3169 897 3239 perse
918 3149 1018 3218 alteru
1040 3153 1168 3229 melum,
1191 3152 1292 3218 ultera
1313 3151 1433 3219 bonurn
1454 3153 1509 3228 sit,
1532 3153 1569 3218 al
1658 3149 1659 3210 ἶ

389 3260 572 3326 ποιοῦσα
597 3261 774 3347 ἑκατέρα
798 3243 867 3324 τὸν
887 3256 1038 3344 ἔχοντα
1055 3253 1139 3338 αὐτὴ
1160 3251 1198 3324 δι”
1215 3253 1317 3338 αὐτὴν
1335 3251 1356 3338 ἡ
1373 3263 1433 3343 μὲν
1455 3253 1568 3332 κακὸν,

390 3359 467 3444 ἡδὲ
494 3356 633 3447 ἀγαθόν
654 3362 740 3426 ἐστι·
764 3359 933 3445 opiniones
955 3379 1033 3446 uero
1054 3359 1193 3425 auferat..
1237 3363 1316 3424 Nam
1339 3359 1372 3424 id
1386 3359 1453 3425 nisi
1474 3357 1570 3424 laniat
1658 3349 1659 3352 '

389 3481 470 3532 eum*
490 3466 619 3531 laudare
640 3463 742 3530 videri
763 3482 828 3530 non
849 3464 1000 3530 iustitiam
1021 3464 1138 3551 ipsum,
1168 3461 1224 3530 sed
1250 3461 1389 3530 iustitiae
1417 3459 1567 3547 speeiem.

391 3567 436 3637 cl.
459 3574 552 3635 etiarn
574 3589 606 3656 p.
631 3571 709 3642 367,
732 3571 769 3633 ll.

473 3671 604 3738 Etiamsi
632 3670 837 3746 eoncedatur,
877 3670 964 3760 quod
983 3669 1204 3747 eoncedimus,
1239 3691 1277 3736 ea
1303 3670 1430 3757 quidem
1461 3679 1569 3738 mente

390 3797 484 3864 quam
512 3775 576 3843 iam
604 3774 772 3860 aliquoties
801 3774 1061 3860 significavimus,
1091 3777 1230 3859 primum
1256 3773 1373 3842 librum
1395 3774 1569 3841 iniustitia

389 3879 524 3953 versari,
547 3899 587 3945 en
609 3878 739 3944 semodi
760 3885 866 3944 tannen
886 3877 959 3944 libri
981 3879 1070 3944 initio
1094 3877 1379 3969 reete-colligetur,
1405 3897 1469 3944 non
1491 3895 1570 3966 pen-

389 3983 466 4050 dere
485 4003 529 4048 *ex
549 3986 655 4070 primo
676 3983 760 4048 libro
782 3987 822 4048 tle
843 3981 941 4049 totius
964 3983 1082 4066 Operis
1104 3990 1305 4066 argumento,
1336 3980 1482 4057 oonsilio,
1504 3981 1569 4048 lino'

387 4084 550 4154 iudicium.
570 4081 661 4171 Ἐγὼ
674 4092 735 4174 μὲν
759 4073 818 4152 οὖν
841 4087 948 4152 ’ταῦτα
966 4083 1062 4154 εἰπὼν
1086 4083 1179 4178 ᾤμην
1199 4081 1302 4172 λόγου
1333 4081 1569 4174 ἀπηλλάχθαι.

389 4187 436 4258 τὸ
455 4185 492 4257 el²
519 4177 567 4271 ἦν
587 4186 685 4278 ἄρα,
712 4183 762 4268 ὡς
786 4187 913 4270 ἔοικε,
942 4189 1174 4279 προοίμιον.
1215 4191 1264 4254 Ile
1285 4189 1432 4257 vocabuli
1451 4190 1568 4281 προοί-

388 4319 466 4384 μιον
492 4290 719 4379 significatione
741 4291 949 4362 oblib.v11.
972 4313 1004 4380 p.
1026 4293 1098 4372 531,
1120 4297 1158 4360 D.
1182 4288 1269 4360 ἀλλὰ
1292 4287 1449 4382 rsepnoltal
1470 4294 1569 4383 ἔργον
