3312 5238
881 395 1111 460 -112-

403 549 453 618 ita
479 547 605 618 scribit:
640 567 660 612 e
669 551 770 618 Etiam
800 549 879 622 itlnd
907 550 993 638 qnod
1022 551 1112 619 Plato
1138 550 1240 629 'dieat
1277 551 1358 622 bane
1388 550 1583 623 fortitudinis

404 653 619 734 definitionem
654 655 779 720 civilem
810 662 929 722 tantum
965 654 1183 724 fortitudinem
1216 660 1513 740 comprehendere,
1546 679 1584 726 eo

404 764 580 846 pertinere,
614 762 700 846 quod
729 758 926 843 singulorum
951 758 1104 826 tortitudo
1130 781 1195 828 non
1221 767 1340 830 tantum
1369 763 1403 828 in
1419 760 1585 848 republica

404 863 469 930 rim
495 883 586 930 suam
611 881 761 931 exserere
786 865 915 940 debeat,
950 866 1007 930 sed
1038 883 1225 950 quoeunque
1254 863 1289 930 in
1317 885 1355 932 re
1385 864 1469 932 ratio
1497 865 1586 932 voln-

403 975 525 1054 ptatum
549 987 586 1032 ao
610 966 757 1036 dolorum
778 965 913 1052 imperia
938 985 1102 1052 superare.
1115 969 1235 1034 iubeat.
1280 971 1382 1053 Atque
1396 967 1445 1034 his
1457 968 1585 1035 monitis

399 1069 476 1138 fieri
505 1077 540 1136 ut
571 1073 631 1138 hae
657 1068 855 1136 definitiones
885 1072 926 1136 ad
960 1069 1093 1136 virtutes
1123 1069 1318 1156 singulomnr
1342 1077 1435 1138 tanto
1461 1071 1585 1138 facilius

404 1172 567 1245 transferri
589 1176 749 1260 possint.»
795 1172 918 1240 Falsem
941 1174 1038 1258 igitur
1063 1195 1132 1243 esse
1158 1179 1239 1242 bane
1259 1173 1455 1243 tortitudinis
1474 1173 1586 1242 defini·

395 1279 522 1348 tionem
548 1275 701 1353 coneedit,
727 1274 846 1364 quippe
872 1297 953 1361 quae
976 1297 1040 1343 non
1061 1298 1190 1344 ornnem
1215 1277 1416 1346 fortitudinis·
1431 1275 1586 1344 ambitum

403 1381 657 1469 complectatur,
695 1383 775 1446 Nam
806 1379 1024 1446 tortitudinem
1059 1401 1123 1458 noo
1156 1381 1260 1450 solum
1289 1380 1329 1448 ad
1355 1401 1394 1448 ea
1424 1383 1587 1465 pertinere

405 1505 487 1572 qnae
513 1486 672 1552 civitatem
694 1490 846 1570 spectent,
871 1487 929 1552 sed
954 1483 994 1552 ad
1017 1483 1121 1555 emnia
1145 1505 1192 1562 ee,
1214 1505 1296 1572 qnae
1317 1487 1398 1552 ratio
1419 1487 1531 1552 iubeat
1549 1489 1587 1551 ad

379 1589 500 1659 ¹liutem
534 1586 711 1674 perducere
747 1596 858 1674 eontra
888 1579 1066 1674 voluptates
1095 1596 1127 1654 et
1156 1587 1295 1674 dolores.¹
1340 1592 1377 1656 In
1410 1609 1450 1656 eo
1480 1598 1587 1656 tamen

404 1700 509 1770 erret>
541 1691 626 1779 qnod
648 1691 811 1758 Platonem
834 1690 898 1762 boe
917 1693 988 1758 loeo
1014 1691 1154 1758 animum
1175 1695 1356 1778 respexisse
1379 1701 1488 1780 putat,
1521 1713 1586 1778 qno

402 1797 562 1868 eivitatem
586 1801 708 1865 tantum
733 1799 775 1862 ob
801 1795 911 1862 oorrlos
935 1793 1060 1872 habuit,
1085 1792 1167 1879 (nam
1190 1797 1324 1865 divitatis
1342 1817 1438 1863 eausa
1457 1817 1587 1864 recura-

404 1901 495 1971 tiorie
528 1897 717 1968 delinitionis
747 1897 831 1966 iesu
862 1906 911 1965 est
945 1897 1095 1981 mentio)
1130 1905 1163 1964 et
1191 1903 1277 1984 quod
1302 1899 1374 1968 istis
1396 1900 1528 1970 monitis
1556 1899 1587 1966 id

399 2004 488 2075 ,albei
503 2003 683 2080 arbitratur,
706 2009 742 2068 ut
761 2001 820 2068 bae
839 2001 1037 2070 definitiones
1055 2001 1095 2070 ad
1116 2005 1249 2070 virtutes
1264 2003 1463 2088 siagrdornm
1483 2004 1587 2070 homi-

405 2131 482 2174 num
496 2106 617 2175 lucilius
628 2097 792 2175 transferri
803 2108 936 2190 possint.
982 2105 1076 2184 Quod
1093 2108 1187 2193 plane
1204 2115 1314 2174 eontra
1332 2115 1391 2178 est
1426 2109 1587 2174 Namfor-

402 2209 549 2288 ‚etudine
570 2213 604 2276 in
628 2213 812 2302 universum
833 2187 945 2277 natnr'a
967 2208 1134 2292 explicate,
1160 2208 1252 2277 laoile
1269 2219 1338 2278 erat
1358 2210 1488 2288 docere,
1509 2213 1587 2298 quid

404 2314 560 2385 tortitudo
584 2316 617 2382 in
637 2311 763 2386 civitate
781 2320 875 2388 esset,
901 2333 966 2378 non
990 2320 1111 2380 nonna.
1155 2317 1259 2384 Porro
1277 2313 1306 2382 si
1323 2314 1470 2382 'animum
1491 2314 1587 2382 inbis

406 2420 595 2508 respiciebat
618 2417 717 2494 Plato,
742 2435 799 2482 eur
815 2436 881 2482 non
906 2418 1009 2484 statim
1030 2417 1063 2484 in
1088 2437 1129 2484 eo
1149 2415 1323 2502 putrebat
1346 2415 1586 2485 fortudinem?

400 2526 491 2603 ¹Quid
514 2532 582 2590 tum
604 2542 684 2610 opus
702 2519 761 2588 luit
781 2521 849 2587 istis
871 2522 1008 2597 monitis,
1030 2521 1154 2608 istaque
1170 2523 1257 2588 omni
1274 2520 1373 2589 civilis
1390 2521 1587 2600 fortitudinis
1641 2503 1642 2595 l

407 2625 606 2707 definitione,
641 2645 706 2710 qua
731 2645 768 2690 re
794 2625 1007 2710 quaestionem
1032 2627 1073 2690 de
1097 2645 1174 2690 vera
1196 2624 1384 2692 fortitudine
1407 2634 1442 2690 et
1465 2625 1586 2692 institia

402 2753 472 2798 non
497 2730 678 2806 accelerari,
708 2731 764 2794 sed
786 2727 940 2798 retardari
963 2747 1091 2795 neeesse
1110 2725 1195 2794 initi
1221 2731 1332 2814 Itaque
1346 2749 1406 2796 nos
1422 2728 1586 2795 Platonem

406 2834 439 2904 id
465 2853 534 2902 earn
561 2831 603 2900 ob
626 2852 752 2900 eausam
777 2834 937 2898 monuisse
959 2834 1175 2918 suspicamur,
1204 2853 1245 2898 ne
1270 2833 1340 2920 quis
1365 2830 1586 2900 fortitudinem

406 2958 483 3010 vere
507 2938 559 3007 hie
582 2936 768 3022 explicatam
793 2955 862 3003 esse
881 2941 1023 3020 putaret,
1053 2944 1085 3003 et
1107 2937 1170 3002 beo
1190 2934 1258 3022 ipsa
1279 2957 1316 3002 re
1340 2933 1436 3002 finem
1455 2943 1490 3004 et
1513 2958 1586 3004 eon·

405 3043 513 3113 sitium
535 3041 645 3128 operis
673 3036 920 3124 intelligentibus
951 3037 1115 3106 indicaret
1156 3041 1298 3126 Apparet
1321 3048 1426 3107 autem
1449 3054 1493 3106 ex
1519 3040 1584 3116 bis,

404 3146 631 3218 uePlatonem
657 3145 786 3230 quidem
807 3144 911 3225 ipsum
933 3150 1071 3228 putasse,
1102 3141 1230 3208 virtutes
1252 3145 1285 3208 in
1308 3142 1435 3212 civitate
1449 3146 1585 3230 reperiri

405 3266 510 3339 posse.
555 3245 640 3326 Quid
659 3254 765 3314 autem
786 3243 859 3313 inde
883 3252 1033 3332 sequatur
1052 3245 1151 3314 leetur
1172 3245 1349 3331 intelligens
1370 3249 1439 3333 ipse
1459 3255 1584 3314 statuet

406 3359 472 3420 Neo
490 3373 570 3420 vero
590 3350 683 3418 huius
704 3347 927 3433 disputationis
949 3347 1116 3414 veritatem
1138 3347 1311 3433 infringere
1332 3349 1586 3418 nobisvidentur

407 3480 455 3536 aa,
478 3478 559 3543 qnae
580 3451 888 3522 Schleiernraeberus
914 3453 948 3516 in
974 3450 1227 3524 adnotationibus
1248 3451 1290 3519 ed
1311 3456 1395 3518 bunc
1422 3453 1582 3538 locum-p.

406 3567 478 3632 553.
499 3576 566 3628 non
590 3558 756 3646 probavit,
781 3555 838 3626 sed
860 3557 929 3622 sine
954 3564 1140 3640 argumento
1157 3557 1279 3642 posuit:
1303 3557 1430 3633 ›eQuod
1451 3557 1585 3624 siPlato

406 3667 467 3734 boc
491 3650 667 3741 loeo,³non
686 3670 790 3728 tamen
813 3664 915 3736 serio,
938 3661 1109 3743 promittat,
1134 3657 1451 3744 (Sebleiermaeberus
1473 3659 1509 3726 id
1532 3679 1585 3726 no·

405 3770 505 3839 minat
524 3768 717 3854 promissum
738 3772 858 3830 temere
883 3763 1018 3840 iactum,
1051 3764 1147 3830 «eine
1172 3749 1410 3847 bingetuorfene
1433 3761 1584 3830 Anerbie-

406 3871 541 3958 turp»)
569 3891 603 3938 se
623 3891 693 3935 rem
719 3872 822 3936 adhue
848 3869 1023 3932 acoemetus
1047 3865 1278 3950 explicaturum
1303 3887 1390 3942 esse,
1420 3864 1454 3933 id
1479 3870 1584 3954 potins

406 3977 567 4064 pertinere
593 3971 634 4040 ad
659 3971 794 4042 formem
818 3971 914 4040 huius
936 3968 1127 4036 definitionis
1150 3991 1170 4036 a
1190 3970 1313 4055 vulgari
1336 3973 1581 4045 abhorrentem,

398 4101 468 4154 ¹nee
486 4077 651 4150 continere
669 4076 769 4145 ullum
791 4083 845 4142 aut
866 4072 1056 4160 promissum
1077 4082 1132 4139 aut
1151 4073 1319 4146 eonsilium
1339 4074 1387 4141 rei
1407 4073 1583 4140 aeurratius

397 4185 654 4268 explicandae.»
700 4182 763 4248 Sed
786 4180 868 4248 seire
888 4199 963 4248 sane
983 4176 1088 4254 velim,
1112 4181 1198 4250 unde
1215 4179 1507 4248 Selsleiermaeher'o
1521 4176 1583 4242 eol·

397 4282 567 4374 'brendam
587 4283 756 4376 rideatur„
773 4285 820 4374 td
832 4290 953 4354 temere
977 4297 1040 4352 nae
1057 4279 1143 4350 serio
1163 4281 1276 4350 ieeisse
1295 4279 1469 4377 Platonem,
1493 4297 1582 4368 pree·
