3298 5232
551 375 782 441 ...ιαμ-

76 533 253 618 ἐτίθεις.
276 531 592 630 -Ἕρῤήθημὰρς
611 535 696 627 ἔφη.
730 530 831 603 Ἀλλ’
857 529 927 624 οὐχ
948 534 1105 617 ἱκανῶς,
1120 525 1255 620 ἐἶπον

75 636 294 724 ἐδηλώθη,
334 635 451 734 φόβῳ
480 630 531 708 ὧν
552 636 669 727 ὑμεῖς
691 635 1112 726 ἀντιλαμβανόμενοι
1134 642 1256 722 δεδη-

76 850 183 914 Huius
214 850 313 932 igitur
345 849 503 914 sermonis¹
532 846 834 914 consummationem
868 849 908 913 iis
935 850 1047 914 inesse·
1070 849 1147 914 dicit
1173 869 1256 935 quae

74 959 263 1037 sequnntur.
300 947 389 1018 Ἀλλ’
406 943 511 1040 ὅμως,
534 951 614 1044 ἔφη,
637 953 764 1036 λαβέτω
787 953 878 1030 τέλος
899 945 919 1032 ἡ
942 946 1159 1034 ἀπόδειξις
1181 947 1259 1020 τού--

75 1078 137 1122 του
163 1054 311 1145 φανεροῦ
332 1056 519 1142 γενομέναν.
691 1085 717 1108 ⁴·
852 1109 855 1116 .
1082 1092 1085 1103 -

162 1159 345 1243 Flagitatum
374 1165 479 1224 autem
508 1177 572 1224 nou
598 1163 666 1222 orat
691 1179 710 1222 a
739 1159 869 1223 Socrate
891 1160 991 1244 quinti
1012 1156 1085 1224 libri
1107 1157 1198 1225 initio
1219 1166 1259 1226 ut

75 1260 272 1345 explicaret,
300 1261 374 1330 τινα
402 1255 527 1350 τρόπον
546 1263 842 1348 -·μιταχιιριζομένη
864 1257 960 1339 πόλις
982 1263 1189 1354 φιλοσοφίαν
1216 1259 1257 1330 cal

75 1367 252 1445 διολεῖται,
273 1366 361 1451 iique
381 1363 463 1430 adeo
484 1362 670 1449 quibuscum
692 1363 884 1450 colloquitur
904 1365 1046 1431 nesciunt
1067 1365 1141 1451 quid
1163 1386 1256 1452 prae-

74 1477 168 1534 terea
189 1468 406 1535 illustrandum
428 1471 484 1544 sit,
508 1476 694 1554 quaerentes
715 1464 755 1533 τὸ
775 1469 872 1534 nolon
893 1467 940 1534 ἔτι
962 1465 1078 1535 λόῑπὸν
1095 1470 1148 1551 εἴη
1170 1471 1255 1536 drat-

75 1577 175 1646 ortvs
204 1567 323 1656 Sponte
344 1571 442 1658 igitur
463 1591 519 1638 sna
541 1570 619 1637 baec
641 1574 785 1638 Socrates
808 1571 953 1656 explicat,
973 1591 1034 1638 uec
1054 1593 1114 1659 pro
1136 1571 1258 1658 usgro-

75 1676 221 1743 sionibus
239 1675 385 1742 babenda
407 1682 488 1754 suut,
512 1683 544 1742 et
564 1675 596 1740 in
617 1673 789 1759 Republica
812 1677 932 1742 versari
948 1695 1134 1743 sermonem
1155 1685 1257 1762 patet„

74 1785 197 1846 Tamen
217 1780 300 1866 ipse,
329 1777 393 1854 sibi
409 1787 573 1853 constans,
603 1781 682 1844 baec
703 1797 830 1864 qnoque
852 1799 923 1845 cum
945 1779 984 1844 iis
1006 1800 1087 1867 quae
1110 1784 1259 1866 quaesita

76 1892 169 1950 erant
199 1883 379 1948 necessario
411 1881 673 1950 coniuncta·essc
700 1881 835 1947 simulat.
880 1881 1034 1948 Videntur
1054 1883 1151 1968 igitur
1171 1888 1251 1949 baec

76 1991 186 2056 omnia
219 1995 339 2054 tantum
358 2007 443 2064 ‚eam
471 1984 512 2052 ob
540 2005 665 2051 causms
693 1985 861 2069 explicari,
895 1986 1046 2073 quoniam
1073 1987 1253 2055 auditomm

75 2091 234 2159 voluntati
261 2093 409 2158 resistere
438 2111 501 2156 uon
529 2089 669 2176 potuerit
699 2091 851 2155 Socrates.
902 2091 949 2156 lta
976 2088 1055 2157 banc
1082 2113 1209 2178 quoque
1237 2113 1256 2160 a

76 2195 243 2283 proposito
269 2195 374 2282 operis
397 2193 469 2270 line,
492 2193 704 2278 disputatione
725 2198 764 2258 de
785 2192 914 2267 iustitia,
937 2192 1106 2272 aberratis,
1128 2200 1168 2262 de
1190 2217 1256 2264 ma·-

77 2298 323 2386 gistratibusque
346 2297 495 2374 dicentis,
531 2299 666 2363 Socratis
692 2296 947 2380 reprehendendi
970 2303 1184 2373 occasionem,
1215 2303 1257 2366 de

76 2401 224 2470 manibus
252 2401 310 2467 tibi
336 2400 515 2488 detorqueri
540 2401 639 2470 uides.
684 2403 751 2464 lmo
782 2393 963 2468 universam
986 2403 1092 2487 omnis
1113 2411 1257 2470 mneno-

76 2507 216 2580 ctiouem
235 2513 361 2572 tautum
378 2513 526 2590 tauquam
548 2524 606 2590 per
627 2513 827 2570 transennam
848 2506 989 2588 conspici
1017 2507 1123 2570 sinens
1153 2506 1253 2583 Plato,

76 2612 235 2698 aliamque
265 2629 408 2682 oausam,
439 2629 547 2674 veram
573 2627 631 2692 per
651 2628 685 2672 se
707 2627 744 2673 ac
765 2607 949 2692 propiorem
982 2608 1074 2676 etiam
1106 2609 1256 2675 dicendo·

76 2735 150 2780 rum
171 2715 391 2798 praetendens,
415 2733 489 2776 nam
510 2727 585 2777 sere
607 2709 782 2778 absolvitur
801 2711 845 2776 ita
868 2710 954 2798 quod
973 2717 1088 2778 docere
1103 2713 1254 2791 voluerat,

76 2816 276 2904 pbilosophis
308 2814 519 2901 gubernacula
550 2813 742 2901 reipublicae
774 2815 926 2882 tradenda
952 2835 1039 2892 esse,
1072 2816 1186 2892 efficit,
1214 2824 1256 2882 ut

77 2939 286 3007 quaecuuque
305 2919 399 2995 dicat,
422 2940 487 2985 uon
507 2921 703 2985 extrinsecus
724 2917 870 2995 adducta,
895 2922 950 2985 sed
972 2940 1012 2986 cx
1033 2941 1070 2986 re
1091 2920 1161 3006 ipsu¹
1180 2940 1256 3007 pro-

77 3023 161 3090 iecta
182 3044 252 3089 esse
272 3026 449 3090 videantur.
493 3022 639 3088 Proiecto
665 3031 770 3090 autem
796 3022 857 3087 nisi
877 3025 911 3087 in
931 3022 1070 3108 perfecta
1091 3025 1254 3111 republica

35 3173 38 3180 ⁴
77 3133 258 3194 versaretur
284 3128 542 3201 enumeratio,
579 3145 615 3190 ac
640 3126 805 3192 nisibeno
824 3127 1027 3212 praeeipuam
1049 3126 1257 3211 Reipublicae

77 3239 212 3316 partem,
234 3249 315 3319 quae
337 3239 385 3296 est
406 3229 445 3295 de
466 3227 698 3314 magistratibus
716 3230 882 3297 absolvere
897 3230 999 3306 vellet,
1024 3233 1256 3298 Socratesfeam

76 3355 149 3400 rem
168 3355 234 3400 oon
255 3352 327 3400 cum
345 3341 524 3401 taumcure
547 3334 759 3420 explicaturus
779 3333 980 3410 tuissetvsed
998 3335 1072 3404 satis
1092 3337 1256 3400 habuisset

77 3440 220 3504 breviter
240 3445 360 3504 tantum
381 3438 449 3504 eius
470 3437 518 3503 rei
540 3455 660 3502 summa
676 3439 783 3523 capita
803 3457 980 3504 recensere.

164 3542 269 3621 Quum
296 3545 410 3608 deinde
439 3543 584 3606 Socrates
613 3540 863 3606 adolescentibus
892 3541 1061 3628 rapueris
1082 3540 1253 3608 iuvenilem

78 3643 275 3728 disciplinam
296 3645 591 3732 philosophiamque
606 3643 800 3724 tradendam,
823 3663 1002 3730 corporum,
1026 3665 1091 3731 quo
1111 3654 1254 3730 tempore

78 3758 223 3815 crescant
245 3756 277 3814 et
298 3747 461 3816 firmentur
482 3750 557 3814 satis
579 3746 759 3830 diligentem
781 3767 890 3812 curam
912 3747 1106 3824 habendam,
1136 3748 1252 3827 animi,

79 3873 141 3939 qua
170 3859 271 3918 aetate
299 3851 408 3938 perlici
436 3852 581 3938 incipiat,
610 3849 850 3916 exercitationes
877 3850 1053 3935 augendas,
1082 3873 1153 3920 cum
1173 3872 1255 3919 vero

77 3953 181 4022 robur
201 3956 345 4044 corporis
367 3955 506 4032 deficiat,
528 3977 587 4022 nec
608 3961 714 4037 aptum
738 3951 779 4018 sit
792 3954 934 4040 amplius
955 3953 996 4020 ad
1017 3953 1120 4021 civilia
1140 3965 1173 4020 et
1195 3961 1253 4020 mi-

77 4054 181 4120 litaria
202 4055 322 4131 munia,
349 4063 415 4120 tum
437 4054 516 4121 nibil
537 4055 621 4124 aliud
644 4061 800 4140 agendum
823 4057 1105 4144 philosophiaeque
1127 4079 1255 4126 omnem

79 4177 211 4245 operam
238 4157 479 4245 impendendam
509 4179 576 4226 osse
605 4159 765 4236 dixissets
784 4169 851 4227 tum
880 4161 1063 4228 Adimantus
1084 4162 1254 4249 plerosque

79 4262 274 4332 audientium
296 4261 397 4348 magis
416 4267 519 4330 adbuc
539 4270 769 4351 repugnaturos
791 4281 865 4332 esse
883 4273 1009 4343 mouet,
1032 4265 1160 4332 minimo
1181 4283 1255 4353 pen·
