3298 5232
898 382 1127 457 etta.-

429 531 587 629 ἀριθμῶν
616 533 745 633 φύσεως
772 536 958 668 ἀφίκωνται
985 541 1024 636 τῇ
1049 535 1161 624 νοήσει
1190 535 1291 636 αὐτῇ,
1327 535 1387 610 οὐκ
1414 535 1489 622 ὠνῆς
1511 537 1566 610 οὐδὲ
1612 535 1613 596 ι

428 636 578 730 πράσεως
609 638 709 732 χοίριν
741 639 784 723 ὡς
815 639 981 764 ἐμπόρους
1010 641 1030 726 ἢ
1062 639 1230 730 καπήλους
1263 645 1476 732 μελετῶντας,
1506 639 1565 712 ἀλλ’

428 747 546 812 ἕνεκα
567 751 742 870 πολέμου
763 772 797 815 τε
819 753 874 814 καὶ
896 741 999 829 αὐτῆς
1019 749 1078 829 τῆς
1097 749 1208 842 ψυχῆς
1229 743 1397 840 ῥᾳστώνης
1418 771 1568 837 μετασιρο

429 848 496 953 φῆς
519 843 585 916 dud
607 854 759 935 γενέσεως
780 853 819 917 ίπ
816 845 1017 933 ’ἀληθειαν
1040 876 1073 918 τε
1094 855 1150 918 καλ
1171 847 1297 918 οὐσίαν.
1340 852 1387 918 Cf.
1410 873 1443 936 p.
1463 845 1613 926 5266

426 935 465 1020 ’6.
512 952 688 1021 θείωσιν·
679 977 711 1020 ιιι
732 963 914 1023 transcursu
935 975 1118 1032 monemus,
1148 959 1285 1040 probare
1313 956 1410 1020 etiam
1431 958 1506 1020 huuc
1523 975 1569 1020 ser·

425 1074 573 1134 monem,
602 1059 635 1122 in
663 1079 728 1144 que
757 1057 992 1145 disciplinarum
1019 1062 1059 1124 ad
1088 1057 1277 1124 erudiendos
1307 1059 1452 1122 custodes
1474 1056 1569 1124 utiliun

425 1155 566 1228 ,delectus
592 1159 782 1240 instituitur,
815 1161 1011 1248 recipiuntur
1039 1160 1219 1248 disciplinae
1247 1159 1442 1246 quarum'ea
1461 1159 1568 1236 estiis,

428 1269 464 1328 ut
485 1262 598 1332 mentis
620 1263 722 1330 aciem
743 1263 785 1332 ad
805 1267 1018 1332 contuendum
1038 1263 1072 1330 id
1093 1267 1177 1350 quod
1199 1284 1275 1330 vere
1297 1266 1336 1328 sit
1358 1262 1505 1336 excitent,
1526 1282 1570 1328 uon

428 1367 523 1437 aliam
555 1365 597 1434 eb
626 1388 771 1445 causam,
809 1389 903 1453 quem
931 1375 966 1434 ut
994 1371 1121 1434 tandem
1151 1366 1202 1434 adv
1218 1369 1469 1454 cognoscendam
1494 1363 1570 1430 idean

427 1468 507 1536 beni
526 1468 557 1540 h.
580 1491 613 1542 ε,
634 1491 791 1538 summum
812 1470 971 1558 perfectae
993 1470 1125 1540 civitatis
1147 1471 1339 1555 principium
1360 1473 1474 1538 adduci
1486 1469 1569 1555 possit,

427 1569 534 1638 ideam
553 1573 631 1640 honi
651 1594 715 1640 non
737 1595 807 1642 esse
828 1580 941 1642 Deum.
987 1574 1033 1640 Cf.
1055 1596 1088 1662 p.
1112 1577 1183 1650 523,
1205 1578 1243 1642 Α.
1259 1609 1301 1622 -
1321 1594 1353 1660 p.
1378 1577 1452 1654 525,
1472 1576 1504 1641 Β.
1522 1571 1570 1638 celi
1613 1677 1614 1680 Ἴ

427 1695 461 1762 ρ.
485 1676 560 1753 526,
583 1680 618 1743 Ε.
642 1679 708 1758 St.;
732 1701 770 1764 ps
790 1682 851 1746 526
873 1682 910 1744 Ε.
934 1715 976 1728 -
998 1681 1071 1746 527.
1094 1679 1148 1756 C.;
1171 1700 1203 1761 p.
1226 1679 1300 1754 529,
1320 1698 1390 1764 sqq.

510 1782 653 1858 'dandam
680 1781 812 1868 plum
798 1805 836 1848 ιιι
861 1785 1039 1867 ριοιιιιιτέσ,
1070 1802 1164 1868 quam
1186 1780 1335 1899 deinceps
1358 1785 1570 1852 commemorat,

427 1882 581 1959 rationem
611 1887 753 1973 sequitur
780 1886 1005 2006 philosophps:
1046 1887 1219 1956 Τοῦτοὲ
1179 1891 1240 1972 μὲν
1268 1885 1395 1964 τοίνυν,
1428 1875 1526 1961 είπον,
1548 1873 1571 1946 ίι

427 2011 505 2074 ημιν
527 1988 666 2056 κείσθω
696 1985 847 2078 δεύτερον
869 1992 903 2056 δὲ
926 1987 964 2056 τὸ
987 1979 1139 2078 ἐχόμενον
1160 1982 1279 2056 τούτου
1301 1981 1508 2079 σκεψώμεθα
1526 2009 1571 2072 υρι

430 2113 462 2156 τι
482 2086 644 2210 προσήκει
663 2086 749 2178 ἡμῖν.
797 2091 844 2160 Τὸ
864 2115 979 2174 πότους
1002 2089 1022 2174 ἢ
1043 2091 1251 2211 γεωμετρίαν,
1273 2090 1346 2182 ε’φη,
1369 2093 1488 2177 λέγειρς
1509 2081 1570 2156 Atat

429 2215 545 2272 τουτο,
574 2179 712 2273 ried*
696 2219 767 2279 εγω.
802 2188 904 2264 Ὅσον
929 2201 1008 2282 μὲν,
1038 2193 1119 2286 ἔφη,
1148 2190 1231 2284 πρὸς
1252 2219 1296 2270 τα
1315 2191 1478 2281 πολεμικὰ
1497 2187 1572 2258 αὐτοί

427 2297 533 2380 τείνει,
549 2287 683 2378 ὃίγλον“
664 2321 717 2364 οτι
729 2292 896 2386 προσήκει·
909 2294 991 2388 πρὸς
1004 2293 1069 2389 γὰρ
1083 2322 1142 2376 τας
1156 2293 1447 2384 στρατοπεδεύσεις
1467 2301 1516 2364 καὶ
1533 2319 1572 2360 νο

426 2392 590 2488 ταλήψεις
608 2399 735 2490 χωρίων
756 2406 811 2468 καὶ
834 2397 1027 2486 συναγωγὰς
1048 2426 1102 2468 και
1120 2397 1266 2480 ἐκτάσεις
1288 2402 1450 2490 στρατιᾶς
1469 2388 1571 2468 καὶίοι

427 2497 468 2583 di]
492 2498 580 2568 ἄλλα
602 2505 836 2591 σχηματίζουσι
859 2501 900 2570 τὰ
923 2499 1169 2594 στρατόπεὸα’
1154 2528 1187 2570 εν
1208 2499 1327 2582 αυταῑς
1345 2529 1379 2570 τε
1395 2508 1468 2586 ταῖς
1481 2525 1572 2589 papae

337 2671 338 2676 ,
429 2610 487 2674 καὶ
512 2607 678 2727 πορείαις,
713 2604 919 2698 διαφέρω
897 2632 938 2676 αν
969 2603 1069 2688 αὐτὸς
1096 2601 1201 2676 αυτοῦ
1230 2604 1448 2694 γεωμετρικὸς
1473 2597 1571 2690 accipi

430 2704 482 2778 dv.
521 2704 608 2780 ’'Aii
639 2707 698 2778 οὐν
726 2707 781 2792 δίγ,
810 2701 916 2790 εἶπον,
946 2708 1030 2800 πρὸς
1056 2718 1118 2797 μέν
1145 2707 1188 2778 τὰ
1216 2711 1355 2777 τοιαῦτα
1377 2704 1484 2801 βραχύ
1505 2733 1531 2776 τι
1546 2701 1572 2772 cit

429 2810 563 2900 ἐξαρκοῖ
567 2814 776 2936 γεωμετρίας
797 2838 830 2880 τε
851 2819 908 2883 καὶ
929 2815 1094 2901 λογισμῶν
1114 2809 1242 2904 μόριον
1262 2810 1314 2880 -τό
1336 2815 1372 2880 dd
1395 2810 1478 2884 πολὺ
1498 2806 1572 2890 αὐτῆς

426 2919 485 2990 ,καὶ
512 2915 706 3034 πορρωτέρω
732 2912 849 3005 προϊὸν
875 2922 1079 2987 σκοπεῖσθαι
1101 2918 1195 2984 ὁεῐ’
1170 2921 1204 2984 εί
1219 2943 1251 2987 τι
1272 2912 1356 3007 πρὸς
1377 2918 1478 2986 έκεῖνο
1498 2914 1572 2990 τείνει,

427 3013 511 3106 πρὸς
533 3013 571 3085 τὸ
592 3042 696 3086 ποιων
717 3021 899 3088 κατιδεῖνι
882 3022 964 3140 ppo»
986 3046 1044 3104 την
1066 3022 1125 3088 τοῦ
1147 3015 1287 3108 αγαθοῦ
1309 3015 1412 3088 ἰδέαν.
1443 3019 1528 3090 τείνει
1543 3018 1572 3094 a,

426 3129 554 3241 φριμὲν,
582 3117 691 3190 πάντα
713 3118 851 3202 αὐτόσε,
881 3117 947 3192 ὅσα
976 3119 1153 3208 ἀναγκάζω
1181 3121 1293 3216 ψυχὴν
1323 3145 1368 3201 εις
1398 3115 1573 3191 ἐκεῖνοντὸν

428 3220 530 3292 τόπον
535 3229 865 3320 μεταστρέφεσθαι,
894 3229 927 3292 έν
953 3255 978 3292 ω
1001 3229 1068 3294 έστλ
1090 3224 1128 3294 τὸ
1151 3222 1446 3328 εὐὸαιμονέστατον
1468 3225 1521 3294 τοῦ
1538 3218 1574 3288 ir·

428 3352 496 3407 τος,
518 3313 612 3394 όὸεῖ
630 3324 734 3410 αὐτην
755 3334 853 3396 παντὶ
876 3324 986 3421 τρόπω
1009 3326 1104 3404 ἰδεῖν.
1136 3325 1323 3420 'optimas
1304 3357 1380 3421 εφη,
1401 3334 1509 3417 λέγεις.
1543 3324 1573 3388 Gi

426 3453 461 3523 p.
485 3435 564 3508 526,
599 3436 632 3499 C
656 3435 701 3498 st.
747 3431 842 3510 Quod
869 3455 911 3498 ex
939 3433 1011 3500 idea
1038 3436 1133 3509 boni,
1165 3454 1256 3551 quae.
1267 3436 1361 3500 totius
1385 3426 1574 3518 disputationi

429 3539 469 3606 de
491 3534 633 3621 perfecta
650 3534 824 3626 'Republica
846 3557 920 3622 pers
942 3546 989 3602 est
1008 3536 1103 3624 longe
1125 3536 1318 3622 gravissima,
1342 3540 1461 3624 quippe
1482 3549 1574 3616 enqua

425 3642 495 3725 ipse
516 3638 707 3722 Respubiiea
728 3648 877 3726 tanquam
898 3661 938 3706 ex
960 3659 1018 3706 ore
1039 3640 1145 3726 aliquo
1167 3643 1270 3724 image
1294 3644 1500 3724 exprimatur,
1517 3655 1574 3725 pen·

429 3746 504 3810 dere
527 3742 602 3811 dicit
622 3752 749 3822 auctor,
781 3753 886 3812 utrum
909 3744 1092 3829 recipienda
1113 3749 1154 3811 sit
1175 3744 1281 3832 aliqua
1301 3743 1466 3830 disciplina
1485 3745 1514 3806 iu
1532 3747 1575 3804 stu·

429 3845 555 3913 diorum
584 3835 721 3920 orbem,v
744 3867 784 3912 eu
812 3847 1002 3924 reiicienda,
1033 3847 1066 3914 id
1095 3847 1332 3934 huncquoque
1361 3865 1531 3917 sermenem
1548 3842 1574 3904 ad

430 3948 588 4014 civitatem
620 3948 794 4036 perfectam
822 3953 982 4036 pertinere
1010 3954 1136 4034 prohat.
1172 3955 1252 4040 *Nec
1279 3951 1373 4018 aliam
1406 3953 1448 4016 ob
1479 3961 1575 4014 causan

430 4049 679 4120 demonstratum
702 4061 749 4119 est
770 4052 845 4139 quid
861 4053 999 4120 utilitatis
1020 4059 1060 4121 ad
1083 4075 1151 4122 rem
1166 4045 1332 4138 utilitatem
1354 4075 1394 4120 ex
1414 4047 1575 4138 geometriae

425 4155 610 4244 ,cognitione
636 4160 885 4224 redundaturum
909 4157 958 4226 sit.
1002 4161 1096 4236 Quod
1125 4166 1229 4224 tamen
1257 4157 1493 4232 secundarium,
1519 4147 1576 4216 illud

425 4257 636 4352 praecipuum
658 4279 726 4326 esse
746 4260 814 4326 vult
826 4257 1041 4350 philosophus.
1084 4266 1191 4329 Recte.
1237 4260 1445 4330 Conseruntur
1465 4251 1576 4326 huneiss
