3296 5232
584 401 820 468 ...307-

102 559 251 686 χρυσοῦν
272 585 306 628 τε
327 554 424 628 nul³
404 557 570 652 αρχνροῦν
591 563 647 626 καὶ
664 557 812 646 χαλκοῦν
832 582 888 624 ναι
876 550 1107 677 σχιδηροῦν.ο
1089 579 1173 645 ομον
1157 553 1224 624 di
1238 557 1293 644 pi·

101 668 220 752 χὲντος
241 659 421 751 ouiq'pov³
401 658 606 789 αρχύρρικαὶ
623 662 751 750 χαλκοῦ
769 661 883 754 χρυσῷ
903 654 1104 749 ἀνομοιότης
1114 653 1294 788 εχχινήοε·

102 793 163 836 ται
184 773 240 835 nal
261 763 433 855 ἀνωμαλία
461 762 689 857 ἀνάρμοστος,
717 759 740 832 ii
763 761 939 853 γενόμενα,
969 753 1010 832 οὗ
1038 759 1079 833 tto
1107 764 1295 884 ἐχχὲνηται,

102 868 159 940 ἀεὶ
178 871 279 940 τίκτει
305 867 450 959 πόλεμον
478 875 534 936 καὶ
564 867 705 959 ἔχθραν.
738 863 862 951 ταύτης
883 893 937 936 τοι
958 869 1071 955 γενεᾶς
1088 893 1160 992 χρη
1185 862 1294 962 φάναι

103 967 328 1057 siccissima,
351 965 435 1042 ὅπου
458 969 500 1048 ἂν
520 973 673 1060 γίγνηται
693 968 755 1041 cici.
789 975 859 1040 Kal
881 967 1046 1061 bqoon’
1019 999 1059 1059 χ,
1083 971 1167 1064 ἔφη,
1190 967 1297 1050 αὐτὰς

103 1074 531 1200 ἀποκρίνεσθαιφήσομιν.
567 1077 638 1144 Καὶ
659 1073 746 1165 γὰρ,
767 1061 866 1162 ἧνδ
884 1072 961 1163 ἐγὼ,
985 1071 1129 1162 ἀνάγκη,
1150 1071 1297 1154 Μούσας

102 1209 144 1273 χι
168 1180 284 1263 οὔσας.
320 1181 367 1252 Gl.
389 1181 457 1250 Pol.
477 1179 533 1270 lib.
555 1183 639 1252 v111.
661 1201 694 1272 p.
719 1181 792 1258 bib,
815 1187 899 1248 extr
922 1178 973 1248 ed.
995 1177 1104 1270 steph.

160 1448 401 1527 Placitcrnm
436 1445 749 1540 Platonicorum,
788 1470 886 1549 qnae
920 1447 994 1526 Ιιιιο
1027 1451 1243 1552 pertinent,

460 1582 684 1658 brevissima
710 1579 963 1662 adumbratio.

193 1795 273 1864 Loci
292 1793 377 1862 haud
397 1816 538 1882 unquam
559 1794 635 1862 satis
655 1794 809 1876 intellecti
830 1795 1052 1880 maturescet,
1074 1803 1110 1866 ut
1124 1805 1295 1885 antequam

107 1902 312 1990 dispiciamus
333 1920 416 1985 quae
431 1901 472 1966 sit
493 1901 561 1966 eius
576 1902 741 1976 sententia,
764 1885 916 1968 nonnulla
928 1900 1110 1970 Platonicae
1134 1903 1297 1970 doctrinae

107 2010 144 2074 in
171 2003 344 2090 Republica
372 2003 505 2070 traditae
536 2005 658 2090 capita,
691 2025 773 2092 quae
798 2008 860 2071 huc
890 2007 1030 2072 maxime
1057 2007 1234 2092 pertinent,
1260 2009 1295 2074 in

107 2111 295 2176 memoriam
315 2109 496 2174 revocanda
518 2128 588 2174 esse
614 2107 794 2176 videantur.
839 2111 981 2178 Primum
1009 2113 1096 2196 quod
1116 2111 1206 2178 Plato
1229 2119 1296 2178 tres

110 2235 181 2282 esse
201 2211 301 2280 animi
319 2214 451 2277 humani
470 2219 577 2298 partes
599 2213 842 2300 demonstravit,
868 2207 985 2298 λόχον,
1014 2210 1146 2302 θυμὸν,
1173 2217 1297 2282 ἐπιδο-

111 2319 207 2406 μὶαν,
234 2314 275 2382 cl.
305 2308 379 2382 1³01ss
397 2315 452 2382 lib.
480 2315 535 2382 Ν.
557 2336 589 2403 p.
604 2316 679 2382 tte.
703 2337 771 2403 sqq.
793 2316 843 2384 ed.
873 2319 940 2395 St.;
971 2316 1086 2384 deinde
1115 2321 1202 2438 quod
1232 2325 1299 2386 tres

112 2422 207 2490 etiam
236 2422 353 2488 civium
381 2419 496 2488 classes
526 2439 596 2486 esse
628 2422 745 2495 voluit,
778 2441 860 2508 quae
890 2423 994 2490 tribue
1028 2420 1126 2488 animi
1153 2423 1298 2506 partibus

109 2527 342 2612 responderent
362 2546 403 2590 ex
423 2521 526 2608 iisque
547 2523 703 2646 originem
718 2545 808 2591 suam
824 2520 996 2604 baberent3
1020 2522 1062 2591 cl.
1078 2523 1148 2592 Pol.
1165 2524 1224 2592 lib.
1241 2527 1297 2594 Ν.

108 2652 143 2716 p.
158 2632 234 2696 435.
250 2636 330 2700 extr.
353 2630 400 2693 st.
420 2613 503 2746 Ἆρ’
527 2625 586 2694 οὐν
608 2623 702 2714 ἡμῖν,
725 2613 821 2712 ἦνδ
846 2623 925 2714 ἐγὼ,
947 2623 1096 2710 noi-ln)³
1076 2622 1203 2715 ανάχιιη
1219 2624 1300 2717 ὁμο·

109 2737 237 2820 λαχεῖν,
260 2723 312 2800 ὅτι
333 2756 369 2818 χε
392 2726 435 2798 τὰ
455 2726 542 2798 αὐτὰ
563 2731 597 2800 ἐν
617 2726 721 2823 indeq)
744 2727 848 2809 ἕνεςιν
869 2726 961 2818 ἡμῶν
982 2732 1050 2814 ιῑδη
1073 2756 1106 2800 τι
1127 2737 1184 2800 καὶ
1205 2727 1299 2816 ἤθη,

110 2828 195 2926 ἅπερ
218 2837 252 2903 ἐν
267 2860 304 2930 τῃ
289 2832 438 2919 πόλεις
461 2829 499 2902 οὕ
522 2829 586 2923 γάρ
608 2859 673 2902 noo
689 2831 878 2902 attoon’
862 2839 963 2902 εκεῖσι
992 2830 1146 2928 ἀφῖκται.
1168 2839 1299 2924 γελοῖον

109 2936 177 3032 χδιρ
198 2932 239 3008 ἂν
260 2940 325 3022 εἴη,
347 2939 381 3005 εἴ
397 2963 447 3018 τις
469 2933 604 3020 οἰηθείη
627 2933 665 3004 τὸ
687 2940 868 3025 θυμοειδὲς
887 2936 934 3026 μὴ
958 2939 993 3006 εἰι
1019 2939 1083 3008 τῶν
1105 2936 1300 3010 lizennioio

111 3050 187 3122 ταῖς
214 3039 542 3128 αόλισιχεχονέναι,
568 3038 604 3108 οἳ
630 3039 671 3123 δη
700 3047 755 3110 καὶ
784 3041 895 3130 ἔχουσι
911 3037 1048 3126 ,ταύτην
1076 3040 1137 3126 τὴν
1170 3041 1299 3128 αἰτίαν,

112 3138 185 3216 οἷον
206 3142 345 3214 οἱκατὰ
367 3141 427 3230 τὴν
440 3144 588 3270 Θρᾴκην
609 3169 642 3214 τι
658 3150 720 3214 ,καὶ
741 3142 927 3232 Σκυθικὴν
947 3152 1004 3216 καὶ
1024 3143 1141 3236 σχεδόν
1158 3173 1190 3216 τι
1211 3147 1300 3218 κατὰ

112 3247 172 3318 τὸν
194 3273 262 3317 orn
284 3244 402 3330 τότιον,
425 3245 507 3332 ἢτὸ
530 3252 743 3342 φιλομαθὲς,
766 3241 848 3336 oin)
871 3254 944 3370 περὶ
966 3247 1024 3320 τὸν
1042 3247 1118 3342 παρ’
1140 3248 1221 3342 ημῖν
1234 3249 1301 3343 pui-

112 3349 221 3432 λις’”
198 3378 240 3420 αν
262 3377 312 3431 τις
333 3347 525 3421 αἰτιάσαιτο
548 3347 666 3435 τόπον,
686 3349 709 3438 ἢ
730 3349 769 3420 τὸ
791 3348 1060 3446 φιλοχρήματον,
1083 3347 1198 3450 δνιιρὶ
1219 3353 1302 3438 τούς

112 3482 149 3525 τε
177 3457 337 3534 Φοίνικας
365 3447 450 3524 εἶναι
477 3461 534 3524 καὶ
563 3453 641 3536 τούς
668 3452 755 3524 κατὰ
783 3459 955 3543 Αἴγυπτον
983 3460 1092 3558 φαίη
1097 3484 1148 3539 τις
1176 3455 1217 3528 iio
1227 3485 1300 3588 ορχ

111 3551 226 3648 ηἰιιςα·
270 3561 340 3628 Καὶ
361 3555 504 3646 unii-cc,³
492 3561 566 3654 ἐφη.
594 3561 762 3628 Τοῦτοὲ
722 3589 746 3647 μ
748 3567 782 3626 ἑν
804 3556 899 3642 δὴ(
868 3551 972 3640 ου’τως
993 3561 1074 3650 ἔχει,
1095 3549 1236 3649 ηνδ”
1220 3562 1300 3652 εγὼ,

113 3671 173 3734 και
200 3660 295 3732 οὐδὲν
320 3660 466 3753 χαλεπὸν
497 3666 631 3748 γνῶναι.
660 3656 731 3731 Οὐ
761 3664 856 3748 δῆτα
898 3671 967 3732 tum
996 3668 1083 3753 quod
1123 3687 1164 3734 ex
1196 3671 1301 3738 tribus

114 3768 215 3842 animi
244 3772 373 3836 humani
400 3767 544 3856 pertibus
576 3767 742 3852 tribusque
780 3770 895 3836 civium
928 3767 1093 3838 ordinibus
1124 3769 1301 3842 doctrinam

115 3875 157 3939 de
196 3880 335 3960 quatuor
367 3869 537 3940 virtutibus
567 3871 727 3957 repetivit.
777 3873 858 3937 Nam
887 3866 975 3964 λόγῳ
1005 3881 1037 3940 et
1067 3876 1301 3960 magistratibus

116 3997 159 4043 ex
185 3979 321 4066 adverso
352 3979 485 4060 ponitur¹
520 3976 690 4059 sapientia,
724 3976 827 4066 θυμῷ
867 3982 899 4041 et
937 3975 1091 4044 militibus
1127 3977 1298 4059 fortitudo,

113 4080 286 4170 ἐπιθυμίᾳ
307 4086 339 4144 ct
366 4078 514 4166 opificum
541 4078 629 4146 omni
657 4080 765 4165 generi
793 4082 1015 4165 temperantia.
1066 4084 1188 4150 Iustum
1220 4104 1300 4152 vero

111 4182 215 4252 animi
236 4183 289 4252 vel
314 4183 448 4252 civitatis
475 4191 607 4261 statum,
629 4188 661 4250 h.
691 4204 720 4250 e.
742 4178 971 4266 δικαιοσύνην,
1004 4191 1071 4254 tum
1100 4189 1179 4252 oriri
1205 4187 1299 4267 dicit,

114 4293 178 4367 tue
213 4288 348 4362 virtutes
379 4289 414 4354 in
445 4308 511 4358 uuo
543 4278 691 4359 nomim'
707 4285 759 4356 vel
786 4288 821 4354 in
852 4307 918 4358 una
950 4290 1079 4360 ovino
1110 4289 1299 4364 coniunctae
