3312 5238
886 425 929 442 -
972 392 1035 460 ιοο
1077 403 1138 442 -·

402 549 443 618 ἰν
467 550 633 643 Δελφοῖς,
646 545 690 618 τοί
710 575 745 618 τε
765 552 906 638 μέγιστοι
927 555 983 620 καὶ
1004 547 1166 620 κάλλιστοι
1188 555 1245 618 καὶ
1265 551 1379 640 πρῶτα
1401 551 1462 620 τῶν
1482 575 1567 641 νομο

407 651 618 742 θετημοίτων.
659 651 710 723 Tot
730 662 829 740 ποίας
851 641 931 737 ἧδ’
962 646 1008 735 ὅς.
1048 651 1155 784 Ἱερῶν
1176 679 1210 722 τε
1233 651 1376 747 ίδριίοεις
1389 680 1445 722 και
1434 657 1567 724 doctos

403 763 463 827 καί
489 755 590 828 ίίλλαι
618 757 709 827 θεῶν
734 781 768 826 τε
790 763 845 825 καὶ
863 753 1039 880 δαιμόνων
1061 761 1117 826 και
1138 754 1253 886 ἡρρίων
1274 762 1454 851 θεραπεῖαι
1475 762 1568 828 τελεο-

402 857 577 984 teodoro?
609 887 643 930 τε
675 847 717 930 αὖ
752 863 863 944 θῆκαι
895 868 950 928 καί
984 854 1049 930 ὅσα
1079 867 1149 942 τοῖς
1177 863 1244 930 ἐκεῖ
1272 857 1358 930 δει
1341 863 1568 947 νπηρετοιίντας

401 961 500 1046 ’ίλοως
526 963 648 1046 αὐτοὺς
668 965 765 1054 ἔχειν·
792 962 835 1032 ταί
855 963 919 1057 γὰρ
942 962 983 1046 δὴ
1005 968 1144 1034 τοιαῦτα
1167 961 1234 1033 οὔτ’
1258 960 1506 1054 ἐπισταίμεθα<
1489 969 1569 1053 ημείς

407 1066 580 1152 οἰκίζοντες
608 1095 652 1151 τε,
671 1066 769 1137 πόλιν
797 1065 903 1136 οὐδενί
924 1066 1014 1161 ἄλλῳ
1036 1065 1255 1157 πεισοίμεθα,Ι
1273 1066 1330 1136 ἐὰν
1350 1069 1467 1137 νοῦν”
1449 1091 1568 1157 εχαμεν,

407 1169 484 1240 οὐδὲ
511 1168 714 1264 χρησόμεθα
743 1172 893 1268 ἐξηγητῇ,
922 1168 991 1239 ἀλλ’
1020 1169 1041 1254 ἢ
1069 1175 1116 1266 τῷ
1143 1173 1286 1264 πατρίῳ·
1322 1161 1420 1251 οὗτος
1449 1169 1510 1262 γὰρ
1536 1165 1569 1253 δὴ

405 1301 471 1344 που
493 1272 512 1344 ὁ
534 1273 620 1355 θεὸς
641 1282 715 1366 περὶ
736 1273 778 1342 τὰ
800 1277 941 1343 τοιαῦτα
962 1276 1066 1343 πᾶσιν
1087 1271 1284 1364 ἀνθρώποις
1312 1271 1453 1367 ποίτριος
1473 1275 1570 1361 ἐξηγη-

401 1376 466 1461 τὴς
492 1381 526 1447 ἐν
554 1384 643 1473 μέσῳ
672 1381 731 1462 τῆς
759 1381 819 1466 γῆς
848 1382 899 1446 ἐπὶ
928 1380 987 1446 τοῦ
1014 1375 1172 1472 ὀμφαλοῦ
1196 1373 1391 1468 καθήμενος
1412 1379 1568 1463 ἐξηγεῖται.

406 1482 607 1562 Kal-acide
628 1479 667 1570 μ’,
690 1483 763 1577 ἔφη,
794 1486 905 1570 λέγεις,
927 1488 983 1549 καὶ
1004 1486 1159 1564 ποιητέον
1178 1475 1295 1562 οίίτινς.
1332 1481 1381 1548 ol.
1398 1505 1433 1566 p.
1450 1483 1519 1559 ίιλΊ,
1538 1486 1569 1546 Β.

406 1589 547 1653 Dubium
567 1608 633 1652 non
656 1593 722 1663 est,
755 1586 830 1672 quin
852 1590 891 1652 de
912 1588 962 1652 his
984 1587 1073 1654 Plato
1095 1593 1267 1672 propterea
1287 1605 1354 1654 non
1374 1587 1468 1652 latius
1488 1585 1572 1651 disse-

403 1695 525 1769 ruerit,
558 1694 645 1776 quod
667 1690 741 1756 satis
762 1694 894 1756 haberet
915 1711 953 1756 ea
974 1695 1117 1767 tradere,
1152 1711 1233 1776 quae
1255 1690 1406 1778 optimum
1429 1691 1571 1755 civitmsm

399 1794 590 1871 efficerent,
616 1796 716 1862 omitti
736 1813 831 1879 posse
853 1801 1003 1880 putaret,
1023 1813 1104 1879 quae
1126 1795 1176 1860 his
1197 1796 1380 1880 explicatis,
1403 1801 1514 1880 sponte
1533 1811 1572 1858 se·

399 1905 594 1985 querentur.
639 1900 727 1963 Haec
747 1897 844 1982 igitur
865 1917 959 1964 causa
981 1905 1047 1974 est,
1071 1919 1128 1964 cnr
1149 1901 1189 1962 de
1211 1901 1347 1964 deorum·
1365 1900 1398 1965 vi
1420 1906 1454 1964 et
1473 1904 1572 1963 natura

402 2011 501 2068 antea
520 2009 586 2067 tam
607 2009 753 2066 accurate
775 2000 1002 2085 disputaverit,
1026 2002 1225 2088 eundemque
1248 2021 1430 2068 sermonem
1452 2003 1491 2066 ed
1511 2003 1572 2064 dae-

406 2125 518 2170 monas
537 2112 572 2169 et
592 2111 790 2170 mortuorum
813 2107 934 2169 animas
955 2104 1167 2181 transtulerit,
1200 2109 1262 2171 hoo
1287 2109 1392 2180 autem
1413 2105 1486 2170 loco
1505 2111 1572 2170 tem·

406 2208 536 2294 plorum
550 2206 811 2283 aedificationem,
835 2207 958 2292 aliaque
979 2206 1014 2273 id
1035 2229 1134 2292 genus
1148 2209 1189 2272 ad
1203 2208 1382 2292 Apollinem
1395 2209 1571 2292 Delphicum

406 2311 558 2379 remittat.
605 2312 674 2388 Qua
696 2331 731 2375 re
754 2308 847 2376 simul
869 2310 902 2375 id
923 2314 1118 2397 assequitur,
1149 2320 1185 2376 ut
1205 2311 1245 2378 de
1267 2315 1326 2389 iis,
1356 2331 1440 2397 quae
1461 2329 1572 2378 accuso

370 2429 373 2433 “
404 2417 489 2482 tiore
512 2413 722 2501 disputatione
742 2435 924 2500 non'egere
945 2419 1145 2493 videbantur,
1170 2417 1277 2482 dicere
1298 2435 1430 2482 necesse
1450 2435 1513 2481 non
1532 2413 1571 2488 sit,

408 2517 502 2585 simul
523 2539 651 2584 omnem
673 2519 897 2602 suspicionem,
921 2519 1011 2604 quasi
1033 2524 1166 2586 deornm
1189 2510 1375 2604 religionem
1397 2519 1571 2604 negligeret,

398 2641 428 2689 'a
456 2644 489 2688 se
520 2629 650 2690 avertat.
694 2626 774 2688 Nam
802 2626 870 2690 eins
901 2645 1027 2711 quoque
1057 2625 1104 2689 rei
1133 2623 1288 2690 rationem
1312 2625 1496 2689 lr'ahendam
1515 2639 1572 2686 csso

402 2725 548 2793 Socratis
568 2725 697 2792 fortuna
719 2730 835 2794 docere
857 2734 991 2813 poterat
1037 2730 1099 2794 Sed
1122 2726 1149 2793 si
1170 2749 1298 2793 omnem
1320 2729 1478 2793 sermonis
1492 2724 1573 2792 ratio-

407 2851 482 2897 nem
503 2832 661 2914 cognitam
681 2832 867 2908 habeamus,
891 2851 928 2896 ee
949 2829 1147 2917 potissimum
1169 2832 1209 2896 de
1231 2851 1324 2897 causa
1337 2830 1371 2896 id
1384 2831 1502 2897 lactum
1516 2848 1572 2894 esse

398 2933 634 3019 intelligemus,
658 2954 721 3019 qua
742 2931 782 3000 de
802 2936 1020 3019 uectigalibus,
1045 2938 1085 3001 de
1105 2933 1230 3000 iudiciis
1252 2934 1385 3020 aliisque
1407 2937 1504 3000 rebus
1519 2951 1572 2997 non

397 3040 569 3126 exposuit.
612 3041 692 3103 Nam
721 3040 792 3124 quis
818 3041 893 3104 talia
913 3037 1085 3105 nescivisse
1106 3040 1270 3106 Platonem
1291 3031 1421 3104 credet?
1457 3034 1499 3105 τὰ
1518 3030 1571 3122 γὰρ

397 3139 450 3226 ’δὴ
471 3143 613 3209 τοιαῦτα
635 3136 702 3208 οὔτ’
726 3137 940 3228 ἐπιστάμεθα
960 3137 1064 3227 ἡμεῖς.
1108 3144 1255 3208 Possunt*
1274 3162 1353 3211 vero
1382 3143 1463 3211 haec
1492 3141 1573 3206 etiam
1627 3207 1628 3228 ρ

398 3247 599 3314 ‘documento
616 3265 698 3322 csse,
723 3254 918 3332 quantopere
939 3261 1049 3312 veram
1069 3247 1298 3331 rempublicam
1320 3253 1443 3332 spectet
1464 3251 1570 3315 auctor,

410 3352 466 3437 qui
492 3353 602 3417 talium
627 3348 722 3415 etiam
752 3371 860 3415 rerum
886 3351 1023 3416 voluerit
1051 3351 1244 3416 mentionem
1267 3351 1378 3436 saltem
1398 3348 1517 3423 facero,
1541 3363 1573 3409 ne
1627 3411 1628 3422 q

381 3477 382 3482 ¹
409 3458 487 3542 quid
509 3454 622 3521 deesse
642 3452 820 3530 videretur,
845 3453 978 3522 civitatis
1000 3452 1183 3520 condendae
1204 3460 1314 3537 operte
1334 3455 1460 3520 ratione
1481 3447 1574 3518 habita
1627 3475 1628 3493 ι

409 3595 451 3609 -
474 3554 648 3639 οἰκίζοντες
668 3581 703 3623 τε
724 3553 871 3624 πόλινκ.
892 3583 925 3624 τ.
948 3559 972 3625 ἑ.

495 3662 630 3747 Atque
620 3683 648 3727 ιε
671 3647 719 3728 est
739 3657 810 3726 finis
828 3663 900 3728 eius
923 3660 1087 3739 sermonis,
1111 3682 1175 3748 quo
1196 3661 1276 3728 hanc
1297 3659 1455 3728 civitatem
1478 3663 1574 3725 adnm·

400 3765 517 3856 „eraut
536 3764 637 3842 Plato,
660 3763 735 3830 satis
755 3762 910 3830 indicatus
932 3787 1004 3832 cum
1027 3765 1066 3832 iis
1088 3787 1170 3850 quae
1183 3765 1328 3832 hocloco
1344 3764 1461 3886 scripta
1475 3763 1571 3834 habes,

399 3871 505 3937 -tum
496 3871 536 3936 ris
549 3889 630 3955 quae
645 3867 750 3936 statim
764 3864 969 3936 addunturs'
977 3870 1158 3957 Ωικισμὲνη
1179 3875 1242 3956 μὲν
1261 3869 1380 3949 τοίνυν,
1401 3866 1443 3950 ἠν
1464 3857 1528 3934 δ’
1514 3859 1572 3949 ενι),

400 3968 518 4057 ηδη”
495 3995 537 4042 αν
558 3995 614 4040 σοι
636 3974 694 4054 εἴη,
717 3957 743 4038 ὦ
763 3997 825 4040 παι
814 3966 1060 4062 '‘Apteoooe
1041 3999 1062 4054 η
1084 3967 1193 4050 πολις·
1213 3968 1255 4038 τὸ
1277 3975 1313 4039 δὲ
1328 3968 1368 4052 δὴ
1384 3967 1471 4092 μετὰ
1487 3967 1572 4035 τοῦτο

402 4071 522 4146 σκόπει
551 4077 584 4142 ἐν
611 4071 695 4169 αὐτῇ
724 4076 796 4168 φῶς
825 4079 937 4142 ποθὲν
965 4070 1190 4167 πορισάμενος
1214 4073 1328 4143 ἱκανὸν
1353 4068 1455 4152 αντός
1475 4095 1508 4140 τε
1528 4070 1573 4135 καί

404 4178 465 4250 ’τὸν
486 4175 633 4270 οίδελιρὸν
660 4173 870 4302 suspendio
867 4181 923 4246 καλ
944 4181 1169 4268 Πολέμαρχον
1187 4181 1242 4245 καλ
1264 4175 1343 4258 code
1362 4173 1500 4256 ἄλλους,
1527 4165 1573 4238 ἐάν

402 4310 472 4366 πως
498 4285 651 4372 ἴδωμεν,
651 4282 727 4350 κοῦ
757 4305 823 4355 ποτ
855 4279 914 4352 ίίν
924 4278 1014 4367 ιῖηη
1039 4277 1231 4366 δικαιοσύνη
1252 4288 1321 4352 καὶ
1316 4282 1394 4351 ποῦ
1413 4307 1452 4365 η
1449 4276 1572 4355 ἀδικία,
1626 4313 1627 4336 ι
