3312 5238
902 399 1111 466 ..so-

423 561 634 630 Conferantnr
652 562 705 631 hio
726 564 857 630 omnino
872 583 927 640 oo,
954 579 1035 650 quse
1051 581 1167 650 supra,
1191 581 1289 648 quum
1304 563 1347 628 de
1368 561 1579 646 magistratibus

423 669 676 754 disputaremus,
712 670 895 756 attigimus,
929 673 962 734 et
988 665 1085 734 aliato
1112 669 1338 734 Demosthenis
1362 665 1503 753 exempto
1523 665 1579 733 iltu-

425 771 603 838 strnoimns.
1135 804 1138 812 ,

872 912 1143 928 w

528 1097 654 1179 Tertii
677 1100 767 1180 utri
786 1107 900 1210 finem
925 1107 1028 1178 reete
1054 1125 1102 1177 ae
1126 1125 1197 1178 erro
1223 1101 1304 1178 loeo
1328 1101 1492 1206 positum

838 1259 937 1326 esse,
966 1234 1189 1314 ostenditur.
1242 1223 1245 1232 ¹

481 1437 556 1518 ¹Ita
581 1453 622 1515 ad
649 1448 735 1517 tertii
759 1450 835 1518 libri
860 1449 956 1520 finem
985 1452 1146 1541 progressi
1172 1449 1395 1528 ostendamus,
1432 1449 1458 1516 si
1480 1449 1580 1536 planet,

424 1554 520 1622 etiam
549 1553 633 1638 hunc
654 1556 782 1621 tertium
803 1554 921 1622 librum
945 1553 1020 1622 satis
1048 1563 1122 1640 apte
1150 1576 1170 1620 a
1190 1555 1316 1640 reliquo
1341 1574 1487 1620 sermone
1511 1575 1582 1642 sepa·

424 1659 498 1724 rari.
542 1660 622 1724 Nom
643 1659 693 1726 trio
715 1660 822 1724 tertios
843 1661 917 1724 tiber
934 1668 1014 1724 totus
1033 1671 1076 1724 est
1097 1660 1338 1724 indesenenter
1360 1661 1511 1724 custodum
1528 1660 1582 1722 etn-

353 1787 356 1795 ¹
424 1765 553 1849 ontinoe.
600 1763 670 1839 Qua
684 1761 839 1838 absoluta,
861 1760 915 1828 lib.
933 1765 986 1832 111.
1001 1783 1034 1850 p.
1052 1764 1124 1830 uin.
1141 1767 1197 1838 St,
1218 1765 1418 1848 magistratus
1435 1762 1581 1848 eliguntur.

425 1874 459 1931 et
487 1867 531 1931 ita
563 1865 665 1940 omnis
699 1864 833 1932 civitatis
865 1865 958 1932 huius
990 1865 1178 1952 descriptio,
1217 1887 1312 1951 quam
1338 1868 1390 1930 hio
1415 1868 1491 1933 dare
1511 1865 1581 1930 Plato

421 1969 560 2048 volebat,
586 1970 769 2043 absolvitur,
797 1973 883 2056 quod
909 1992 982 2036 cnm
1003 1968 1181 2050 declaratur
1202 1967 1311 2056 mytho
1336 1969 1390 2034 illo
1420 1972 1460 2036 de
1481 1965 1582 2034 civibus

422 2075 516 2140 huius
538 2075 674 2144 civitatis
700 2096 718 2139 e
744 2081 831 2140 terra
859 2075 948 2150 natis,
979 2079 1046 2140 tum
1070 2094 1114 2138 ea.
1133 2094 1179 2151 re,
1207 2076 1295 2162 quod
1322 2081 1471 2146 enarrate
1494 2073 1581 2158 mytho

305 2257 309 2263 Ι
423 2175 477 2242 illo
507 2179 654 2244 custodes
680 2175 720 2244 ad
746 2183 850 2274 castra
872 2197 930 2244 sua
955 2175 1162 2246 deducuntur.
