<?xml version="1.0" encoding="UTF-8"?>
<!DOCTYPE html PUBLIC "-//W3C//DTD XHTML 1.0 Transitional//EN"
    "http://www.w3.org/TR/xhtml1/DTD/xhtml1-transitional.dtd">
<html xmlns="http://www.w3.org/1999/xhtml" xml:lang="en" lang="en">
 <head>
  <title>
</title>
<meta http-equiv="Content-Type" content="text/html;charset=utf-8" />
  <meta name='ocr-system' content='tesseract 3.04.00' />
  <meta name='ocr-capabilities' content='ocr_page ocr_carea ocr_par ocr_line ocrx_word'/>
</head>
<body>
  <div class='ocr_page' id='page_1' title='image "./prolegomenaadpl00rettgoog_0292.png"; bbox 0 0 3296 5232; ppageno 0'>
   <div class='ocr_carea' id='block_1_1' title="bbox 563 409 795 477">
    <p class='ocr_par' dir='ltr' id='par_1_1' title="bbox 563 409 795 477">
     <span class='ocr_line' id='line_1_1' title="bbox 563 409 795 477; baseline -0.009 0"><span class='ocrx_word' id='word_1_1' title='bbox 563 409 795 477; x_wconf 76' lang='lat' dir='ltr'><strong>-ast-</strong></span> 
     </span>
    </p>
   </div>
   <div class='ocr_carea' id='block_1_2' title="bbox 81 559 1269 1278">
    <p class='ocr_par' dir='ltr' id='par_1_2' title="bbox 81 559 1266 758">
     <span class='ocr_line' id='line_1_2' title="bbox 83 559 1266 662; baseline 0.006 -29"><span class='ocrx_word' id='word_1_2' title='bbox 83 563 190 658; x_wconf 79' lang='grc' dir='ltr'><strong><em>ἄκρα,</em></strong></span> <span class='ocrx_word' id='word_1_3' title='bbox 213 562 363 657; x_wconf 79' lang='grc' dir='ltr'><strong>πρέποντ’</strong></span> <span class='ocrx_word' id='word_1_4' title='bbox 388 562 545 651; x_wconf 78' lang='grc' dir='ltr'><strong><em>ἀλλήλοις</em></strong></span> <span class='ocrx_word' id='word_1_5' title='bbox 567 568 690 662; x_wconf 75' lang='grc' dir='ltr'><strong><em>καὶτῷ</em></strong></span> <span class='ocrx_word' id='word_1_6' title='bbox 712 559 779 662; x_wconf 82' lang='grc' dir='ltr'><strong>ὅλῳ</strong></span> <span class='ocrx_word' id='word_1_7' title='bbox 797 569 1015 660; x_wconf 75' lang='grc' dir='ltr'><em>γεγραμμένα.</em></span> <span class='ocrx_word' id='word_1_8' title='bbox 1037 567 1078 642; x_wconf 85' lang='lat' dir='ltr'><strong>cf.</strong></span> <span class='ocrx_word' id='word_1_9' title='bbox 1094 567 1266 640; x_wconf 81' lang='lat' dir='ltr'><strong>Phaedrus.</strong></span> 
     </span>
     <span class='ocr_line' id='line_1_3' title="bbox 81 673 821 758; baseline 0 -21"><span class='ocrx_word' id='word_1_10' title='bbox 81 691 121 758; x_wconf 88' lang='lat' dir='ltr'><strong>p.</strong></span> <span class='ocrx_word' id='word_1_11' title='bbox 145 673 221 748; x_wconf 66' lang='lat' dir='ltr'><strong>idle,</strong></span> <span class='ocrx_word' id='word_1_12' title='bbox 246 673 281 737; x_wconf 85' lang='lat' dir='ltr'><strong>G.</strong></span> <span class='ocrx_word' id='word_1_13' title='bbox 819 719 821 726; x_wconf 48' lang='lat'>&gt;</span> 
     </span>
    </p>

    <p class='ocr_par' dir='ltr' id='par_1_3' title="bbox 81 775 1269 1278">
     <span class='ocr_line' id='line_1_4' title="bbox 176 775 1265 862; baseline 0.005 -23"><span class='ocrx_word' id='word_1_14' title='bbox 176 776 272 841; x_wconf 84' lang='lat' dir='ltr'><strong>Vides</strong></span> <span class='ocrx_word' id='word_1_15' title='bbox 300 777 396 862; x_wconf 75' lang='lat' dir='ltr'><strong>igitur</strong></span> <span class='ocrx_word' id='word_1_16' title='bbox 422 775 456 842; x_wconf 91' lang='lat' dir='ltr'><strong>id</strong></span> <span class='ocrx_word' id='word_1_17' title='bbox 486 779 572 862; x_wconf 93' lang='lat' dir='ltr'><strong>quod</strong></span> <span class='ocrx_word' id='word_1_18' title='bbox 598 797 674 860; x_wconf 86' lang='lat' dir='ltr'><strong>vere</strong></span> <span class='ocrx_word' id='word_1_19' title='bbox 695 781 865 862; x_wconf 78' lang='lat' dir='ltr'><strong>quaeratur</strong></span> <span class='ocrx_word' id='word_1_20' title='bbox 887 797 956 842; x_wconf 86' lang='lat' dir='ltr'><strong>esse</strong></span> <span class='ocrx_word' id='word_1_21' title='bbox 977 775 1150 862; x_wconf 85' lang='lat' dir='ltr'><strong>perlectam</strong></span> <span class='ocrx_word' id='word_1_22' title='bbox 1171 782 1265 846; x_wconf 86' lang='lat' dir='ltr'><strong>Rem-</strong></span> 
     </span>
     <span class='ocr_line' id='line_1_5' title="bbox 81 878 1262 967; baseline 0.001 -21"><span class='ocrx_word' id='word_1_23' title='bbox 81 882 269 967; x_wconf 87' lang='lat' dir='ltr'><strong>publicam;</strong></span> <span class='ocrx_word' id='word_1_24' title='bbox 294 882 508 964; x_wconf 85' lang='lat' dir='ltr'><strong>quaestionem</strong></span> <span class='ocrx_word' id='word_1_25' title='bbox 531 901 607 948; x_wconf 90' lang='lat' dir='ltr'><strong>vero</strong></span> <span class='ocrx_word' id='word_1_26' title='bbox 634 883 672 946; x_wconf 89' lang='lat' dir='ltr'><strong>de</strong></span> <span class='ocrx_word' id='word_1_27' title='bbox 693 879 830 948; x_wconf 87' lang='lat' dir='ltr'><strong>iustitiae</strong></span> <span class='ocrx_word' id='word_1_28' title='bbox 851 880 1041 967; x_wconf 72' lang='lat' dir='ltr'><strong>praestantia</strong></span> <span class='ocrx_word' id='word_1_29' title='bbox 1062 881 1152 966; x_wconf 86' lang='lat' dir='ltr'><strong>qnasi</strong></span> <span class='ocrx_word' id='word_1_30' title='bbox 1173 878 1262 947; x_wconf 87' lang='lat' dir='ltr'><strong>titum</strong></span> 
     </span>
     <span class='ocr_line' id='line_1_6' title="bbox 83 982 1269 1069; baseline 0.001 -21"><span class='ocrx_word' id='word_1_31' title='bbox 83 1003 161 1049; x_wconf 86' lang='lat' dir='ltr'><strong>esso</strong></span> <span class='ocrx_word' id='word_1_32' title='bbox 193 1003 258 1069; x_wconf 90' lang='lat' dir='ltr'><strong>qno</strong></span> <span class='ocrx_word' id='word_1_33' title='bbox 287 983 389 1048; x_wconf 89' lang='lat' dir='ltr'><strong>omnis</strong></span> <span class='ocrx_word' id='word_1_34' title='bbox 419 982 589 1069; x_wconf 87' lang='lat' dir='ltr'><strong>disputatio</strong></span> <span class='ocrx_word' id='word_1_35' title='bbox 618 983 775 1052; x_wconf 78' lang='lat' dir='ltr'><strong>decurrat</strong></span> <span class='ocrx_word' id='word_1_36' title='bbox 819 983 913 1064; x_wconf 87' lang='lat' dir='ltr'><strong>Quod</strong></span> <span class='ocrx_word' id='word_1_37' title='bbox 941 1006 997 1050; x_wconf 87' lang='lat' dir='ltr'><strong>our</strong></span> <span class='ocrx_word' id='word_1_38' title='bbox 1026 988 1069 1050; x_wconf 87' lang='lat' dir='ltr'><strong>ita</strong></span> <span class='ocrx_word' id='word_1_39' title='bbox 1097 984 1269 1051; x_wconf 85' lang='lat' dir='ltr'><strong>instituerit</strong></span> 
     </span>
     <span class='ocr_line' id='line_1_7' title="bbox 82 1086 1267 1174; baseline 0.003 -23"><span class='ocrx_word' id='word_1_40' title='bbox 82 1089 191 1164; x_wconf 87' lang='lat' dir='ltr'><strong>Plato,</strong></span> <span class='ocrx_word' id='word_1_41' title='bbox 215 1109 256 1153; x_wconf 83' lang='lat' dir='ltr'><strong>ox</strong></span> <span class='ocrx_word' id='word_1_42' title='bbox 277 1086 316 1152; x_wconf 93' lang='lat' dir='ltr'><strong>iis</strong></span> <span class='ocrx_word' id='word_1_43' title='bbox 339 1108 419 1173; x_wconf 89' lang='lat' dir='ltr'><strong>quae</strong></span> <span class='ocrx_word' id='word_1_44' title='bbox 441 1087 577 1154; x_wconf 79' lang='lat' dir='ltr'>diximus</span> <span class='ocrx_word' id='word_1_45' title='bbox 598 1087 661 1153; x_wconf 89' lang='lat' dir='ltr'><strong>iam</strong></span> <span class='ocrx_word' id='word_1_46' title='bbox 683 1087 758 1155; x_wconf 85' lang='lat' dir='ltr'><strong>satis</strong></span> <span class='ocrx_word' id='word_1_47' title='bbox 778 1089 983 1173; x_wconf 88' lang='lat' dir='ltr'><strong>perspicuum</strong></span> <span class='ocrx_word' id='word_1_48' title='bbox 1005 1096 1064 1172; x_wconf 84' lang='lat' dir='ltr'><strong>est,</strong></span> <span class='ocrx_word' id='word_1_49' title='bbox 1087 1109 1191 1174; x_wconf 87' lang='lat' dir='ltr'><strong>neque</strong></span> <span class='ocrx_word' id='word_1_50' title='bbox 1209 1089 1267 1154; x_wconf 89' lang='lat' dir='ltr'><strong>ha·</strong></span> 
     </span>
     <span class='ocr_line' id='line_1_8' title="bbox 82 1187 685 1278; baseline 0.005 -22"><span class='ocrx_word' id='word_1_51' title='bbox 82 1187 201 1258; x_wconf 86' lang='lat' dir='ltr'><strong>bemus</strong></span> <span class='ocrx_word' id='word_1_52' title='bbox 222 1193 309 1278; x_wconf 90' lang='lat' dir='ltr'><strong>qnod</strong></span> <span class='ocrx_word' id='word_1_53' title='bbox 330 1195 510 1258; x_wconf 86' lang='lat' dir='ltr'><strong>addendum</strong></span> <span class='ocrx_word' id='word_1_54' title='bbox 531 1194 685 1260; x_wconf 85' lang='lat' dir='ltr'><strong>rideatur.</strong></span> 
     </span>
    </p>
   </div>
   <div class='ocr_carea' id='block_1_3' title="bbox 176 1623 1182 1836">
    <p class='ocr_par' dir='ltr' id='par_1_4' title="bbox 176 1623 1182 1836">
     <span class='ocr_line' id='line_1_9' title="bbox 176 1623 1182 1729; baseline 0.003 -28"><span class='ocrx_word' id='word_1_55' title='bbox 176 1623 238 1702; x_wconf 83' lang='lat' dir='ltr'><strong>Dc</strong></span> <span class='ocrx_word' id='word_1_56' title='bbox 251 1651 368 1729; x_wconf 22' lang='lat' dir='ltr'><strong>‚nemu</strong></span> <span class='ocrx_word' id='word_1_57' title='bbox 393 1628 579 1704; x_wconf 64' lang='lat' dir='ltr'><strong>tetrorum</strong></span> <span class='ocrx_word' id='word_1_58' title='bbox 604 1627 651 1703; x_wconf 85' lang='lat' dir='ltr'><strong>de</strong></span> <span class='ocrx_word' id='word_1_59' title='bbox 676 1627 888 1729; x_wconf 78' lang='lat' dir='ltr'><strong>Republica</strong></span> <span class='ocrx_word' id='word_1_60' title='bbox 913 1652 999 1704; x_wconf 79' lang='lat' dir='ltr'><strong>cum</strong></span> <span class='ocrx_word' id='word_1_61' title='bbox 1027 1625 1182 1704; x_wconf 81' lang='lat' dir='ltr'><strong>Timaeo</strong></span> 
     </span>
     <span class='ocr_line' id='line_1_10' title="bbox 584 1759 772 1836; baseline -0.005 -1"><span class='ocrx_word' id='word_1_62' title='bbox 584 1759 772 1836; x_wconf 80' lang='lat' dir='ltr'><strong>Platonis.</strong></span> 
     </span>
    </p>
   </div>
   <div class='ocr_carea' id='block_1_4' title="bbox 55 1957 1267 2374">
    <p class='ocr_par' dir='ltr' id='par_1_5' title="bbox 55 1957 1267 2374">
     <span class='ocr_line' id='line_1_11' title="bbox 55 1957 1267 2064; baseline 0.002 -24"><span class='ocrx_word' id='word_1_63' title='bbox 55 2049 56 2054; x_wconf 6' lang='grc' dir='ltr'>ἵ</span> <span class='ocrx_word' id='word_1_64' title='bbox 174 1975 276 2053; x_wconf 88' lang='lat' dir='ltr'><strong>Quam</strong></span> <span class='ocrx_word' id='word_1_65' title='bbox 296 1957 421 2062; x_wconf 81' lang='lat' dir='ltr'><strong>¹callide</strong></span> <span class='ocrx_word' id='word_1_66' title='bbox 450 1977 623 2059; x_wconf 80' lang='lat' dir='ltr'><strong>secundum</strong></span> <span class='ocrx_word' id='word_1_67' title='bbox 651 1982 791 2042; x_wconf 88' lang='lat' dir='ltr'><strong>nostram</strong></span> <span class='ocrx_word' id='word_1_68' title='bbox 818 1977 998 2063; x_wconf 87' lang='lat' dir='ltr'>opinionem</span> <span class='ocrx_word' id='word_1_69' title='bbox 1025 1975 1131 2044; x_wconf 89' lang='lat' dir='ltr'><strong>omnia</strong></span> <span class='ocrx_word' id='word_1_70' title='bbox 1160 1977 1267 2064; x_wconf 87' lang='lat' dir='ltr'><strong>dispo-</strong></span> 
     </span>
     <span class='ocr_line' id='line_1_12' title="bbox 85 2067 1266 2165; baseline -0.001 -20"><span class='ocrx_word' id='word_1_71' title='bbox 85 2077 149 2146; x_wconf 88' lang='lat' dir='ltr'><strong>sita</strong></span> <span class='ocrx_word' id='word_1_72' title='bbox 172 2086 261 2155; x_wconf 89' lang='lat' dir='ltr'><strong>sunt,</strong></span> <span class='ocrx_word' id='word_1_73' title='bbox 294 2101 390 2164; x_wconf 90' lang='lat' dir='ltr'><strong>quum</strong></span> <span class='ocrx_word' id='word_1_74' title='bbox 417 2067 563 2147; x_wconf 86' lang='lat' dir='ltr'><strong>Timaeus</strong></span> <span class='ocrx_word' id='word_1_75' title='bbox 585 2079 618 2143; x_wconf 90' lang='lat' dir='ltr'><strong>in</strong></span> <span class='ocrx_word' id='word_1_76' title='bbox 642 2079 815 2165; x_wconf 81' lang='lat' dir='ltr'><strong>Republica</strong></span> <span class='ocrx_word' id='word_1_77' title='bbox 841 2081 980 2146; x_wconf 87' lang='lat' dir='ltr'><strong>habitum</strong></span> <span class='ocrx_word' id='word_1_78' title='bbox 1009 2099 1188 2145; x_wconf 87' lang='lat' dir='ltr'><strong>sermonem</strong></span> <span class='ocrx_word' id='word_1_79' title='bbox 1216 2099 1266 2145; x_wconf 91' lang='lat' dir='ltr'><strong>se-</strong></span> 
     </span>
     <span class='ocr_line' id='line_1_13' title="bbox 86 2175 1265 2268; baseline 0.001 -21"><span class='ocrx_word' id='word_1_80' title='bbox 86 2181 237 2259; x_wconf 88' lang='lat' dir='ltr'><strong>cundnm</strong></span> <span class='ocrx_word' id='word_1_81' title='bbox 255 2186 409 2267; x_wconf 88' lang='lat' dir='ltr'><strong>temporis</strong></span> <span class='ocrx_word' id='word_1_82' title='bbox 434 2183 549 2247; x_wconf 87' lang='lat' dir='ltr'><strong>seriem</strong></span> <span class='ocrx_word' id='word_1_83' title='bbox 572 2181 719 2268; x_wconf 87' lang='lat' dir='ltr'><strong>excipiat,</strong></span> <span class='ocrx_word' id='word_1_84' title='bbox 751 2175 859 2268; x_wconf 85' lang='lat' dir='ltr'><strong>ibique</strong></span> <span class='ocrx_word' id='word_1_85' title='bbox 885 2186 1027 2259; x_wconf 88' lang='lat' dir='ltr'><strong>demum,</strong></span> <span class='ocrx_word' id='word_1_86' title='bbox 1051 2203 1115 2250; x_wconf 92' lang='lat' dir='ltr'><strong>non</strong></span> <span class='ocrx_word' id='word_1_87' title='bbox 1141 2181 1265 2248; x_wconf 89' lang='lat' dir='ltr'><strong>turbata</strong></span> 
     </span>
     <span class='ocr_line' id='line_1_14' title="bbox 88 2277 1266 2374; baseline 0.002 -25"><span class='ocrx_word' id='word_1_88' title='bbox 88 2306 184 2371; x_wconf 90' lang='lat' dir='ltr'><strong>quam</strong></span> <span class='ocrx_word' id='word_1_89' title='bbox 204 2293 317 2352; x_wconf 86' lang='lat' dir='ltr'><strong>vocant</strong></span> <span class='ocrx_word' id='word_1_90' title='bbox 330 2277 502 2372; x_wconf 81' lang='lat' dir='ltr'><strong>legentium</strong></span> <span class='ocrx_word' id='word_1_91' title='bbox 524 2285 679 2368; x_wconf 82' lang='lat' dir='ltr'><strong>illusione,</strong></span> <span class='ocrx_word' id='word_1_92' title='bbox 706 2289 869 2374; x_wconf 87' lang='lat' dir='ltr'><strong>proposito</strong></span> <span class='ocrx_word' id='word_1_93' title='bbox 890 2285 1092 2373; x_wconf 72' lang='lat' dir='ltr'>Reipublicae</span> <span class='ocrx_word' id='word_1_94' title='bbox 1115 2286 1177 2353; x_wconf 83' lang='lat' dir='ltr'><strong>tine</strong></span> <span class='ocrx_word' id='word_1_95' title='bbox 1198 2295 1266 2351; x_wconf 91' lang='lat' dir='ltr'><strong>tan·</strong></span> 
     </span>
    </p>
   </div>
   <div class='ocr_carea' id='block_1_5' title="bbox 85 2389 1267 4030">
    <p class='ocr_par' dir='ltr' id='par_1_6' title="bbox 86 2389 1267 2995">
     <span class='ocr_line' id='line_1_15' title="bbox 87 2389 1263 2476; baseline 0.001 -21"><span class='ocrx_word' id='word_1_96' title='bbox 87 2409 182 2476; x_wconf 92' lang='lat' dir='ltr'><strong>quam</strong></span> <span class='ocrx_word' id='word_1_97' title='bbox 211 2393 360 2455; x_wconf 86' lang='lat' dir='ltr'><strong>dramatis</strong></span> <span class='ocrx_word' id='word_1_98' title='bbox 385 2391 516 2456; x_wconf 88' lang='lat' dir='ltr'><strong>alicuius</strong></span> <span class='ocrx_word' id='word_1_99' title='bbox 539 2392 642 2456; x_wconf 88' lang='lat' dir='ltr'><strong>nodus</strong></span> <span class='ocrx_word' id='word_1_100' title='bbox 671 2389 871 2457; x_wconf 89' lang='lat' dir='ltr'><strong>dissolvatur.</strong></span> <span class='ocrx_word' id='word_1_101' title='bbox 916 2393 963 2455; x_wconf 88' lang='lat' dir='ltr'><strong>lta</strong></span> <span class='ocrx_word' id='word_1_102' title='bbox 991 2409 1102 2455; x_wconf 88' lang='lat' dir='ltr'><strong>eorum</strong></span> <span class='ocrx_word' id='word_1_103' title='bbox 1136 2410 1263 2476; x_wconf 89' lang='lat' dir='ltr'><strong>quoque</strong></span> 
     </span>
     <span class='ocr_line' id='line_1_16' title="bbox 87 2489 1260 2581; baseline 0 -22"><span class='ocrx_word' id='word_1_104' title='bbox 87 2495 201 2581; x_wconf 91' lang='lat' dir='ltr'><strong>quiin</strong></span> <span class='ocrx_word' id='word_1_105' title='bbox 227 2489 358 2560; x_wconf 87' lang='lat' dir='ltr'><strong>Timaeo</strong></span> <span class='ocrx_word' id='word_1_106' title='bbox 387 2489 608 2581; x_wconf 85' lang='lat' dir='ltr'><strong>colloquuntur</strong></span> <span class='ocrx_word' id='word_1_107' title='bbox 636 2496 745 2559; x_wconf 91' lang='lat' dir='ltr'><strong>eadem</strong></span> <span class='ocrx_word' id='word_1_108' title='bbox 774 2515 856 2580; x_wconf 88' lang='lat' dir='ltr'><strong>quae</strong></span> <span class='ocrx_word' id='word_1_109' title='bbox 884 2492 1079 2578; x_wconf 89' lang='lat' dir='ltr'><strong>reliquorum</strong></span> <span class='ocrx_word' id='word_1_110' title='bbox 1106 2495 1260 2570; x_wconf 90' lang='lat' dir='ltr'><strong>omnium,</strong></span> 
     </span>
     <span class='ocr_line' id='line_1_17' title="bbox 87 2591 1267 2685; baseline -0.001 -22"><span class='ocrx_word' id='word_1_111' title='bbox 87 2600 143 2685; x_wconf 90' lang='lat' dir='ltr'><strong>qui</strong></span> <span class='ocrx_word' id='word_1_112' title='bbox 164 2597 301 2664; x_wconf 85' lang='lat' dir='ltr'><strong>Platonis</strong></span> <span class='ocrx_word' id='word_1_113' title='bbox 324 2595 560 2684; x_wconf 84' lang='lat' dir='ltr'><strong>Rempuhlioam</strong></span> <span class='ocrx_word' id='word_1_114' title='bbox 581 2597 702 2682; x_wconf 79' lang='lat' dir='ltr'><strong>legunt,</strong></span> <span class='ocrx_word' id='word_1_115' title='bbox 729 2597 868 2662; x_wconf 90' lang='lat' dir='ltr'><strong>conditio</strong></span> <span class='ocrx_word' id='word_1_116' title='bbox 889 2606 946 2667; x_wconf 84' lang='lat' dir='ltr'><strong>est.</strong></span> <span class='ocrx_word' id='word_1_117' title='bbox 990 2599 1083 2662; x_wconf 89' lang='lat' dir='ltr'><strong>Initio</strong></span> <span class='ocrx_word' id='word_1_118' title='bbox 1104 2596 1186 2662; x_wconf 90' lang='lat' dir='ltr'><strong>inter</strong></span> <span class='ocrx_word' id='word_1_119' title='bbox 1210 2591 1267 2662; x_wconf 54' lang='lat' dir='ltr'><strong>auss</strong></span> 
     </span>
     <span class='ocr_line' id='line_1_18' title="bbox 89 2698 1265 2788; baseline -0.002 -20"><span class='ocrx_word' id='word_1_120' title='bbox 89 2701 240 2771; x_wconf 88' lang='lat' dir='ltr'><strong>diendum</strong></span> <span class='ocrx_word' id='word_1_121' title='bbox 269 2703 330 2788; x_wconf 90' lang='lat' dir='ltr'><strong>ipsi</strong></span> <span class='ocrx_word' id='word_1_122' title='bbox 357 2704 451 2766; x_wconf 87' lang='lat' dir='ltr'><strong>etiam</strong></span> <span class='ocrx_word' id='word_1_123' title='bbox 476 2701 667 2787; x_wconf 84' lang='lat' dir='ltr'><strong>aliquamdiu</strong></span> <span class='ocrx_word' id='word_1_124' title='bbox 692 2698 856 2780; x_wconf 82' lang='lat' dir='ltr'><strong>falluntur,</strong></span> <span class='ocrx_word' id='word_1_125' title='bbox 886 2700 1035 2766; x_wconf 92' lang='lat' dir='ltr'><strong>iustitiam</strong></span> <span class='ocrx_word' id='word_1_126' title='bbox 1057 2723 1134 2766; x_wconf 86' lang='lat' dir='ltr'><strong>vera</strong></span> <span class='ocrx_word' id='word_1_127' title='bbox 1154 2699 1265 2785; x_wconf 86' lang='lat' dir='ltr'><strong>quaeri</strong></span> 
     </span>
     <span class='ocr_line' id='line_1_19' title="bbox 86 2791 1265 2894; baseline 0 -24"><span class='ocrx_word' id='word_1_128' title='bbox 86 2827 106 2870; x_wconf 93' lang='lat' dir='ltr'><strong>a</strong></span> <span class='ocrx_word' id='word_1_129' title='bbox 133 2791 262 2870; x_wconf 85' lang='lat' dir='ltr'><strong>Socrate</strong></span> <span class='ocrx_word' id='word_1_130' title='bbox 287 2825 352 2870; x_wconf 91' lang='lat' dir='ltr'><strong>non</strong></span> <span class='ocrx_word' id='word_1_131' title='bbox 381 2802 578 2884; x_wconf 78' lang='lat' dir='ltr'><strong>dubitantes,</strong></span> <span class='ocrx_word' id='word_1_132' title='bbox 604 2804 719 2870; x_wconf 87' lang='lat' dir='ltr'><strong>deinde</strong></span> <span class='ocrx_word' id='word_1_133' title='bbox 739 2824 818 2870; x_wconf 87' lang='lat' dir='ltr'><strong>varo</strong></span> <span class='ocrx_word' id='word_1_134' title='bbox 842 2824 878 2869; x_wconf 86' lang='lat' dir='ltr'><strong>re</strong></span> <span class='ocrx_word' id='word_1_135' title='bbox 903 2805 971 2894; x_wconf 84' lang='lat' dir='ltr'><strong>ipsa</strong></span> <span class='ocrx_word' id='word_1_136' title='bbox 997 2807 1112 2881; x_wconf 85' lang='lat' dir='ltr'><strong>edocti,</strong></span> <span class='ocrx_word' id='word_1_137' title='bbox 1144 2811 1265 2870; x_wconf 90' lang='lat' dir='ltr'><strong>mutata</strong></span> 
     </span>
     <span class='ocr_line' id='line_1_20' title="bbox 86 2906 1065 2995; baseline -0.004 -21"><span class='ocrx_word' id='word_1_138' title='bbox 86 2911 253 2986; x_wconf 86' lang='lat' dir='ltr'><strong>sententia,</strong></span> <span class='ocrx_word' id='word_1_139' title='bbox 278 2915 372 2995; x_wconf 91' lang='lat' dir='ltr'><strong>caput</strong></span> <span class='ocrx_word' id='word_1_140' title='bbox 397 2929 467 2978; x_wconf 88' lang='lat' dir='ltr'><strong>csse</strong></span> <span class='ocrx_word' id='word_1_141' title='bbox 492 2908 597 2993; x_wconf 85' lang='lat' dir='ltr'><strong>operis</strong></span> <span class='ocrx_word' id='word_1_142' title='bbox 618 2906 855 2995; x_wconf 81' lang='lat' dir='ltr'><strong>Rempulrlicam</strong></span> <span class='ocrx_word' id='word_1_143' title='bbox 881 2907 1065 2993; x_wconf 82' lang='lat' dir='ltr'><strong>intelligunt.</strong></span> 
     </span>
    </p>

    <p class='ocr_par' dir='ltr' id='par_1_7' title="bbox 85 3011 1265 4030">
     <span class='ocr_line' id='line_1_21' title="bbox 174 3011 1264 3098; baseline 0 -21"><span class='ocrx_word' id='word_1_144' title='bbox 174 3012 258 3094; x_wconf 81' lang='lat' dir='ltr'><strong>Quid</strong></span> <span class='ocrx_word' id='word_1_145' title='bbox 275 3017 393 3078; x_wconf 86' lang='lat' dir='ltr'><strong>¹antem</strong></span> <span class='ocrx_word' id='word_1_146' title='bbox 419 3012 593 3098; x_wconf 88' lang='lat' dir='ltr'><strong>simplicius</strong></span> <span class='ocrx_word' id='word_1_147' title='bbox 615 3032 684 3078; x_wconf 89' lang='lat' dir='ltr'><strong>esse</strong></span> <span class='ocrx_word' id='word_1_148' title='bbox 706 3019 810 3098; x_wconf 90' lang='lat' dir='ltr'><strong>potest</strong></span> <span class='ocrx_word' id='word_1_149' title='bbox 834 3013 891 3084; x_wconf 90' lang='lat' dir='ltr'><strong>iis,</strong></span> <span class='ocrx_word' id='word_1_150' title='bbox 922 3028 1003 3098; x_wconf 81' lang='lat' dir='ltr'><strong>qnae</strong></span> <span class='ocrx_word' id='word_1_151' title='bbox 1027 3034 1047 3088; x_wconf 86' lang='lat' dir='ltr'><strong>a</strong></span> <span class='ocrx_word' id='word_1_152' title='bbox 1073 3011 1201 3077; x_wconf 84' lang='lat' dir='ltr'><strong>Platone</strong></span> <span class='ocrx_word' id='word_1_153' title='bbox 1224 3014 1264 3077; x_wconf 91' lang='lat' dir='ltr'><strong>de</strong></span> 
     </span>
     <span class='ocr_line' id='line_1_22' title="bbox 86 3114 1265 3200; baseline -0.003 -17"><span class='ocrx_word' id='word_1_154' title='bbox 86 3138 172 3183; x_wconf 81' lang='lat' dir='ltr'><strong>nonu</strong></span> <span class='ocrx_word' id='word_1_155' title='bbox 198 3115 293 3182; x_wconf 89' lang='lat' dir='ltr'><strong>trium</strong></span> <span class='ocrx_word' id='word_1_156' title='bbox 321 3115 521 3200; x_wconf 81' lang='lat' dir='ltr'><strong>dialogorum</strong></span> <span class='ocrx_word' id='word_1_157' title='bbox 545 3115 686 3194; x_wconf 88' lang='lat' dir='ltr'><strong>Politiae,</strong></span> <span class='ocrx_word' id='word_1_158' title='bbox 715 3115 844 3192; x_wconf 87' lang='lat' dir='ltr'><strong>Timaei,</strong></span> <span class='ocrx_word' id='word_1_159' title='bbox 869 3116 985 3181; x_wconf 84' lang='lat' dir='ltr'><strong>Critiae</strong></span> <span class='ocrx_word' id='word_1_160' title='bbox 1004 3114 1191 3181; x_wconf 74' lang='lat' dir='ltr'><strong>traduntur?</strong></span> <span class='ocrx_word' id='word_1_161' title='bbox 1212 3117 1265 3180; x_wconf 86' lang='lat' dir='ltr'><strong>Ti-</strong></span> 
     </span>
     <span class='ocr_line' id='line_1_23' title="bbox 86 3211 1264 3300; baseline -0.004 -12"><span class='ocrx_word' id='word_1_162' title='bbox 86 3243 196 3287; x_wconf 87' lang='lat' dir='ltr'><strong>macus</strong></span> <span class='ocrx_word' id='word_1_163' title='bbox 223 3222 307 3285; x_wconf 85' lang='lat' dir='ltr'><strong>enim</strong></span> <span class='ocrx_word' id='word_1_164' title='bbox 338 3211 474 3286; x_wconf 50' lang='lat' dir='ltr'><strong>extorsus¹</strong></span> <span class='ocrx_word' id='word_1_165' title='bbox 501 3241 520 3286; x_wconf 88' lang='lat' dir='ltr'><strong>a</strong></span> <span class='ocrx_word' id='word_1_166' title='bbox 550 3221 659 3285; x_wconf 92' lang='lat' dir='ltr'><strong>mundi</strong></span> <span class='ocrx_word' id='word_1_167' title='bbox 692 3218 851 3285; x_wconf 84' lang='lat' dir='ltr'><strong>creatione</strong></span> <span class='ocrx_word' id='word_1_168' title='bbox 882 3239 951 3283; x_wconf 90' lang='lat' dir='ltr'><strong>rem</strong></span> <span class='ocrx_word' id='word_1_169' title='bbox 982 3221 1178 3300; x_wconf 76' lang='lat' dir='ltr'><strong>deducitad</strong></span> <span class='ocrx_word' id='word_1_170' title='bbox 1206 3221 1264 3283; x_wconf 92' lang='lat' dir='ltr'><strong>ho-</strong></span> 
     </span>
     <span class='ocr_line' id='line_1_24' title="bbox 85 3323 1261 3410; baseline -0.003 -20"><span class='ocrx_word' id='word_1_171' title='bbox 85 3327 206 3401; x_wconf 87' lang='lat' dir='ltr'><strong>mines,</strong></span> <span class='ocrx_word' id='word_1_172' title='bbox 233 3323 266 3389; x_wconf 88' lang='lat' dir='ltr'><strong>in</strong></span> <span class='ocrx_word' id='word_1_173' title='bbox 288 3325 433 3403; x_wconf 88' lang='lat' dir='ltr'><strong>Timaeo;</strong></span> <span class='ocrx_word' id='word_1_174' title='bbox 471 3331 589 3410; x_wconf 84' lang='lat' dir='ltr'><strong>qnos‘a</strong></span> <span class='ocrx_word' id='word_1_175' title='bbox 614 3325 750 3388; x_wconf 87' lang='lat' dir='ltr'><strong>Socrate‘</strong></span> <span class='ocrx_word' id='word_1_176' title='bbox 769 3324 932 3408; x_wconf 77' lang='lat' dir='ltr'><strong>egregium</strong></span> <span class='ocrx_word' id='word_1_177' title='bbox 956 3323 990 3386; x_wconf 91' lang='lat' dir='ltr'><strong>in</strong></span> <span class='ocrx_word' id='word_1_178' title='bbox 1012 3325 1142 3387; x_wconf 92' lang='lat' dir='ltr'><strong>modum</strong></span> <span class='ocrx_word' id='word_1_179' title='bbox 1171 3324 1261 3388; x_wconf 90' lang='lat' dir='ltr'><strong>insti-</strong></span> 
     </span>
     <span class='ocr_line' id='line_1_25' title="bbox 85 3426 1263 3512; baseline -0.003 -19"><span class='ocrx_word' id='word_1_180' title='bbox 85 3435 192 3506; x_wconf 90' lang='lat' dir='ltr'><strong>tutos,</strong></span> <span class='ocrx_word' id='word_1_181' title='bbox 225 3428 259 3492; x_wconf 92' lang='lat' dir='ltr'><strong>in</strong></span> <span class='ocrx_word' id='word_1_182' title='bbox 284 3426 413 3503; x_wconf 89' lang='lat' dir='ltr'><strong>Politia,</strong></span> <span class='ocrx_word' id='word_1_183' title='bbox 451 3427 567 3512; x_wconf 87' lang='lat' dir='ltr'><strong>excipit</strong></span> <span class='ocrx_word' id='word_1_184' title='bbox 592 3427 712 3500; x_wconf 88' lang='lat' dir='ltr'><strong>Critias,</strong></span> <span class='ocrx_word' id='word_1_185' title='bbox 738 3428 995 3512; x_wconf 73' lang='lat' dir='ltr'><strong>Athamanumque</strong></span> <span class='ocrx_word' id='word_1_186' title='bbox 1019 3445 1149 3490; x_wconf 82' lang='lat' dir='ltr'><strong>suarum</strong></span> <span class='ocrx_word' id='word_1_187' title='bbox 1178 3427 1263 3490; x_wconf 89' lang='lat' dir='ltr'><strong>cives</strong></span> 
     </span>
     <span class='ocr_line' id='line_1_26' title="bbox 85 3525 1261 3618; baseline -0.002 -22"><span class='ocrx_word' id='word_1_188' title='bbox 85 3531 173 3596; x_wconf 86' lang='lat' dir='ltr'><strong>lacit.</strong></span> <span class='ocrx_word' id='word_1_189' title='bbox 217 3536 279 3595; x_wconf 83' lang='lat' dir='ltr'><strong>Aut</strong></span> <span class='ocrx_word' id='word_1_190' title='bbox 310 3541 481 3616; x_wconf 87' lang='lat' dir='ltr'><strong>possuntne</strong></span> <span class='ocrx_word' id='word_1_191' title='bbox 512 3530 544 3595; x_wconf 89' lang='lat' dir='ltr'><strong>hi</strong></span> <span class='ocrx_word' id='word_1_192' title='bbox 577 3533 615 3594; x_wconf 89' lang='lat' dir='ltr'><strong>de</strong></span> <span class='ocrx_word' id='word_1_193' title='bbox 641 3525 812 3618; x_wconf 79' lang='lat' dir='ltr'><strong>Republica</strong></span> <span class='ocrx_word' id='word_1_194' title='bbox 839 3528 938 3595; x_wconf 89' lang='lat' dir='ltr'><strong>habiti</strong></span> <span class='ocrx_word' id='word_1_195' title='bbox 966 3549 1143 3604; x_wconf 87' lang='lat' dir='ltr'><strong>sermones,</strong></span> <span class='ocrx_word' id='word_1_196' title='bbox 1178 3548 1261 3614; x_wconf 79' lang='lat' dir='ltr'><strong>quae</strong></span> 
     </span>
     <span class='ocr_line' id='line_1_27' title="bbox 87 3625 1263 3719; baseline -0.003 -18"><span class='ocrx_word' id='word_1_197' title='bbox 87 3642 136 3701; x_wconf 88' lang='lat' dir='ltr'><strong>est</strong></span> <span class='ocrx_word' id='word_1_198' title='bbox 159 3633 438 3699; x_wconf 86' lang='lat' dir='ltr'><strong>Schleiermacheri</strong></span> <span class='ocrx_word' id='word_1_199' title='bbox 462 3635 627 3711; x_wconf 87' lang='lat' dir='ltr'><strong>sententia,</strong></span> <span class='ocrx_word' id='word_1_200' title='bbox 649 3625 727 3697; x_wconf 84' lang='lat' dir='ltr'><strong>&#39;novi</strong></span> <span class='ocrx_word' id='word_1_201' title='bbox 748 3632 947 3719; x_wconf 81' lang='lat' dir='ltr'><strong>dialogorum</strong></span> <span class='ocrx_word' id='word_1_202' title='bbox 969 3631 1100 3709; x_wconf 89' lang='lat' dir='ltr'><strong>ordinis,</strong></span> <span class='ocrx_word' id='word_1_203' title='bbox 1129 3652 1263 3716; x_wconf 90' lang='lat' dir='ltr'><strong>quorum</strong></span> 
     </span>
     <span class='ocr_line' id='line_1_28' title="bbox 86 3731 1264 3823; baseline 0 -20"><span class='ocrx_word' id='word_1_204' title='bbox 86 3739 156 3823; x_wconf 90' lang='lat' dir='ltr'><strong>ipsa</strong></span> <span class='ocrx_word' id='word_1_205' title='bbox 176 3731 274 3802; x_wconf 85' lang='lat' dir='ltr'><strong>series</strong></span> <span class='ocrx_word' id='word_1_206' title='bbox 296 3759 368 3805; x_wconf 89' lang='lat' dir='ltr'><strong>cum</strong></span> <span class='ocrx_word' id='word_1_207' title='bbox 387 3734 516 3801; x_wconf 87' lang='lat' dir='ltr'><strong>Timaeo</strong></span> <span class='ocrx_word' id='word_1_208' title='bbox 535 3735 666 3821; x_wconf 85' lang='lat' dir='ltr'><strong>incipiat</strong></span> <span class='ocrx_word' id='word_1_209' title='bbox 685 3735 809 3801; x_wconf 87' lang='lat' dir='ltr'><strong>initium</strong></span> <span class='ocrx_word' id='word_1_210' title='bbox 831 3757 912 3814; x_wconf 89' lang='lat' dir='ltr'><strong>esse,</strong></span> <span class='ocrx_word' id='word_1_211' title='bbox 941 3758 1037 3821; x_wconf 89' lang='lat' dir='ltr'><strong>quum</strong></span> <span class='ocrx_word' id='word_1_212' title='bbox 1053 3731 1182 3802; x_wconf 85' lang='lat' dir='ltr'><strong>Timaeo</strong></span> <span class='ocrx_word' id='word_1_213' title='bbox 1198 3734 1264 3821; x_wconf 90' lang='lat' dir='ltr'><strong>pri-</strong></span> 
     </span>
     <span class='ocr_line' id='line_1_29' title="bbox 86 3838 1264 3941; baseline -0.001 -34"><span class='ocrx_word' id='word_1_214' title='bbox 86 3863 167 3916; x_wconf 89' lang='lat' dir='ltr'><strong>mus,</strong></span> <span class='ocrx_word' id='word_1_215' title='bbox 187 3841 391 3928; x_wconf 84' lang='lat' dir='ltr'><strong>Reipublicae</strong></span> <span class='ocrx_word' id='word_1_216' title='bbox 412 3842 580 3916; x_wconf 87' lang='lat' dir='ltr'><strong>secundus,</strong></span> <span class='ocrx_word' id='word_1_217' title='bbox 609 3840 725 3906; x_wconf 89' lang='lat' dir='ltr'><strong>Critiae</strong></span> <span class='ocrx_word' id='word_1_218' title='bbox 746 3838 856 3906; x_wconf 89' lang='lat' dir='ltr'><strong>tertius</strong></span> <span class='ocrx_word' id='word_1_219' title='bbox 876 3840 964 3941; x_wconf 87' lang='lat' dir='ltr'><strong>locus</strong></span> <span class='ocrx_word' id='word_1_220' title='bbox 992 3862 1011 3906; x_wconf 89' lang='lat' dir='ltr'><strong>a</strong></span> <span class='ocrx_word' id='word_1_221' title='bbox 1036 3841 1163 3906; x_wconf 84' lang='lat' dir='ltr'><strong>Socrate</strong></span> <span class='ocrx_word' id='word_1_222' title='bbox 1185 3841 1264 3906; x_wconf 85' lang='lat' dir='ltr'><strong>assi-</strong></span> 
     </span>
     <span class='ocr_line' id='line_1_30' title="bbox 86 3949 224 4030; baseline -0.007 -20"><span class='ocrx_word' id='word_1_223' title='bbox 86 3949 224 4030; x_wconf 76' lang='lat' dir='ltr'><strong>gnotus-t</strong></span> 
     </span>
    </p>
   </div>
   <div class='ocr_carea' id='block_1_6' title="bbox 498 4139 847 4163">
    <p class='ocr_par' dir='ltr' id='par_1_8' title="bbox 498 4139 847 4163">
     <span class='ocr_line' id='line_1_31' title="bbox 498 4139 847 4163; baseline 0.006 -2"><span class='ocrx_word' id='word_1_224' title='bbox 498 4139 847 4163; x_wconf 43' lang='grc' dir='ltr'><strong>*ἡ</strong></span> 
     </span>
    </p>
   </div>
   <div class='ocr_carea' id='block_1_7' title="bbox 0 0 1652 5232">
    <p class='ocr_par' dir='ltr' id='par_1_9' title="bbox 0 0 1652 5232">
     <span class='ocr_line' id='line_1_32' title="bbox 0 0 1652 5232; baseline 0 0"><span class='ocrx_word' id='word_1_225' title='bbox 0 0 1652 5232; x_wconf 95' lang='lat' dir='ltr'><strong> </strong></span> 
     </span>
    </p>
   </div>
  </div>
 </body>
</html>
