3312 5238
879 427 930 456 -.
963 395 1010 474 aa
1048 430 1090 458 ...-

401 555 442 618 cle
467 550 546 618 cibis
572 551 714 638 loquitur
742 550 796 640 qui
823 553 885 638 sint
901 555 972 644 apti
993 550 1164 640 ἀθληταῖς
1191 556 1257 625 ποῦ’
1277 555 1411 645 μεμίςοο
1434 551 1559 644 ἀγῶνος.

401 659 472 722 Νοιι
499 655 670 724 convenire
697 657 736 722 iis
763 656 905 724 habitum
934 680 1063 748 eorum,
1096 661 1151 748 qui
1178 665 1218 727 ad
1245 660 1337 728 ludos
1358 660 1513 748 gymnicus
1531 684 1561 730 aa

400 766 634 846 praepararent.
678 763 740 826 llos
762 761 846 828 euim
867 783 936 830 esse
956 783 1068 830 somno
1084 763 1205 830 deditos
1220 771 1251 830 et
1264 763 1421 852 proclives
1434 769 1473 831 ad
1487 787 1562 832 mor·

399 861 470 930 bos.
514 864 780 936 Exercitationem
802 864 901 949 igitur
920 865 1062 935 virorum
1083 865 1324 944 bellicosorum,
1345 873 1416 962 acie
1440 872 1561 956 πολεμι-

398 970 469 1046 κοῖς
486 961 951 1053 ἀθληταῖς,’ρτοοεῑοο1ἰοοεοι
973 968 1089 1036 debere
1110 991 1190 1046 ease,
1211 991 1293 1058 quos
1315 979 1461 1060 tanquam
1480 992 1563 1038 canes

400 1069 564 1154 vigilantes
578 1091 647 1138 esse
657 1066 844 1150 necesscsit,
864 1081 999 1159 utquam
1010 1073 1166 1140 acerrime
1177 1074 1394 1160 videreatque
1405 1074 1521 1148 audire,
1537 1083 1564 1140 et

399 1172 433 1240 in
454 1171 716 1260 expeditionibus
740 1176 773 1242 ἐν
794 1180 868 1254 ταῖς
889 1177 1087 1266 στρατείαις,
1108 1198 1219 1246 omnes
1238 1177 1465 1246 vicissitudines
1479 1199 1564 1264 aqua·

399 1297 471 1343 rum
491 1276 750 1366 reliquorumque
771 1279 932 1358 ciborum,
959 1281 1074 1347 caloris
1097 1289 1129 1347 et
1148 1280 1277 1367 frigoris
1298 1280 1390 1348 facile
1412 1281 1563 1370 perferre,

400 1380 467 1446 sine
489 1380 553 1447 ullo
576 1381 761 1449 ualetudinis
783 1383 937 1471 periculo.
980 1384 1137 1470 Optimam
1161 1384 1257 1470 igitur
1278 1386 1501 1471 gymnasticam
1521 1407 1566 1450 sc·

399 1504 507 1550 rorem
528 1504 600 1552 esre
613 1487 733 1569 debere
746 1486 896 1565 musicae,
921 1507 1015 1574 quam
1029 1496 1120 1554 antea
1134 1486 1348 1573 descripserit.
1395 1488 1565 1572 simplicem

399 1585 484 1654 enim
505 1593 537 1652 ct
557 1591 794 1672 convenientem
815 1610 885 1657 csse
906 1589 1024 1658 debere
1046 1591 1269 1680 gymnasticam
1290 1612 1402 1658 eorum
1419 1594 1566 1676 Jquiprcc·

393 1693 646 1774 pararentque
673 1693 799 1758 bellum.
835 1697 875 1760 Et
903 1693 936 1762 in
961 1699 1020 1760 bac
1048 1693 1176 1779 quidem
1203 1715 1240 1760 re
1260 1697 1404 1764 Homero
1426 1695 1565 1782 magistro

400 1798 509 1870 utitur,
532 1797 585 1882 qni
607 1794 641 1861 in
662 1795 917 1881 expeditionibus
940 1805 972 1864 et
992 1798 1094 1883 apulis
1112 1802 1228 1869 barbas
1249 1819 1313 1885 non
1332 1796 1566 1884 piscibusaesci

399 1897 489 1974 velit,
512 1918 571 1964 nec
591 1898 676 1969 elixa
691 1919 791 1966 carne
812 1899 868 1966 scd
890 1922 976 1978 assa,
1000 1923 1082 1986 quae
1103 1900 1386 1989 facillimcparatu
1409 1905 1451 1972 sit
1471 1901 1575 1968 militi-¹

400 2001 471 2070 bus.
517 2005 624 2088 Neque
646 2023 723 2070 vero
738 2023 877 2090 unquam
891 1999 1089 2091 ἡδυσμάτων
1103 2005 1283 2075 meminisse
1297 2007 1485 2082 Homerum,
1508 2006 1567 2090 qui·

398 2103 458 2172 bus
480 2105 574 2172 etiam
595 2105 711 2192 reliqui
733 2102 874 2188 ἀσκηταὶ
897 2127 1006 2186 omnes
1021 2106 1209 2186 abstineant,
1233 2111 1287 2195 qni
1300 2108 1430 2197 quidem
1441 2128 1566 2192 corpora

398 2207 483 2274 bene
503 2229 538 2280 se
558 2207 678 2274 babere
699 2208 809 2276 velint.
853 2214 1080 2298 Syracusanam
1102 2210 1200 2303 igitur
1220 2231 1361 2278 mensam
1383 2219 1422 2280 et·
1438 2211 1567 2278 Siciben-

402 2331 471 2400 sem
492 2311 676 2381 varietatem
699 2314 923 2396 opsoniorum,
958 2312 985 2380 si
1004 2317 1084 2382 baec
1104 2322 1192 2382 reete
1213 2335 1247 2380 se
1269 2314 1422 2393 habeant,
1456 2315 1567 2402 vitupe-

398 2414 529 2484 randam
551 2435 632 2482 asse.
676 2415 979 2503 Reprehendendum
1000 2437 1098 2504 porro
1122 2418 1317 2490 Corinthiam
1339 2419 1478 2506 puellam
1499 2420 1566 2484 ami·

400 2539 467 2586 cam
490 2541 561 2586 esse
582 2518 660 2586 viris
681 2519 738 2604 qui
759 2539 894 2606 corpore
916 2519 997 2586 bene
1018 2543 1052 2588 se
1073 2519 1190 2590 babere
1211 2521 1329 2598 velint,
1352 2531 1383 2590 et
1404 2522 1567 2588 Atticorum

341 2693 343 2696 ,
399 2621 607 2691 bellaricrum
628 2621 793 2691 delicias.»
820 2623 865 2694 Gi.
887 2645 917 2712 p.
941 2625 1015 2702 loa,
1038 2629 1076 2695 Ι).
1099 2659 1141 2676 -
1163 2626 1235 2702 bot,
1258 2630 1294 2693 Ε.
1320 2627 1363 2694 St.
1406 2626 1500 2692 Vides
1517 2625 1568 2710 igi-

400 2734 454 2794 tur
475 2731 639 2793 Socratem
660 2746 830 2793 removere
852 2749 872 2792 a
893 2727 1044 2804 militibus
1066 2728 1171 2795 omnia
1187 2749 1233 2806 aa,
1256 2749 1338 2814 quae
1351 2750 1449 2814 supra
1463 2732 1567 2816 pbli,

401 2831 435 2900 c.
463 2850 532 2916 sqq.
564 2830 598 2896 in
624 2831 782 2896 civitatem
809 2831 1018 2896 intromittere
1042 2832 1126 2898 velle
1146 2831 1324 2898 videbatur.
1344 2865 1387 2879 -
1410 2836 1569 2919 Comperit

400 2931 515 3000 deinde
537 2933 692 3000 eiusmodi
714 2933 820 3001 cibum
842 2935 1023 3021 victumque
1046 2936 1083 3028 τῇ
1104 2939 1281 3026 μελοποιίᾳ
1305 2959 1339 3002 τε
1364 2941 1420 3003 καὶ
1449 2933 1515 3029 ᾠδῇ
1534 2935 1568 3028 τῇ

399 3038 433 3105 ἐν
455 3036 500 3127 τῷ
525 3037 737 3129 παναρμονίῳ
763 3043 818 3103 καὶ
844 3039 877 3104 ἐν
902 3040 984 3105 πᾶσι
1011 3037 1160 3128 ῥυθμοῖς
1185 3043 1392 3134 πεποιημένῃ.
1437 3040 1568 3109 Varieta-

399 3148 463 3222 tcm
483 3139 548 3207 illic
569 3135 753 3208 ἀκολασίαν
774 3141 915 3227 gignere,
936 3143 987 3206 bie
1007 3142 1406 3230 morbos-simplicitatem
1427 3165 1506 3211 vero
1527 3163 1569 3208 se-

400 3243 537 3311 cundum
553 3247 703 3310 musicam
716 3247 752 3310 in
765 3245 877 3312 animis
891 3245 1141 3333 temperantiam,
1165 3251 1338 3315 secundum
1354 3250 1569 3337 gymnastieam

398 3347 431 3413 in
451 3346 641 3432 corporibus
663 3346 882 3415 valetudinem.
922 3344 1124 3427 Ἀκολοσίας
1149 3352 1185 3416 δὲ
1198 3345 1378 3418 καὶνόοον
1401 3355 1570 3434 πληθυου-

399 3452 465 3518 σῶν
485 3452 519 3518 ἐν
539 3446 633 3519 πόλει
655 3437 705 3542 ἆρ’
729 3447 767 3518 οὐ
783 3445 988 3540 -δικοιστήρνά
1012 3477 1045 3520 τε
1064 3457 1121 3519 καὶ
1136 3447 1265 3543 ἰατρεῖα
1279 3450 1386 3522 πολλοὶ
1401 3450 1569 3540 ἀνοίγεται,

398 3560 454 3622 καὶ
468 3551 617 3635 δικανική
640 3579 673 3620 τε
695 3561 751 3621 καὶ
773 3550 908 3641 ἰατρικὴ
917 3550 1140 3644 σεμνύνονται,
1164 3547 1245 3624 ὅταν
1266 3552 1307 3638 δὴ
1329 3563 1384 3624 καὶ
1406 3553 1569 3641 ἐλεύθεροι

398 3661 515 3726 πολλοὶ
537 3663 592 3724 καὶ
615 3654 749 3750 σφόδρα
769 3664 841 3749 περὶ
865 3653 950 3726 αὐτὰ
973 3654 1234 3742 σπουδάζωσινς.
1248 3661 1289 3728 Τι’
1303 3657 1368 3746 γὰρ
1384 3656 1426 3730 οὐ
1445 3663 1570 3744 μέλλοις

398 3765 435 3828 ld
456 3769 561 3828 autem
583 3781 652 3828 esse
673 3781 830 3828 summum
853 3761 1066 3830 testimonium
1087 3763 1189 3830 malae
1209 3770 1242 3830 et
1263 3763 1363 3849 turpis
1385 3763 1570 3830 educationis

398 3864 432 3930 in
454 3864 591 3940 civitate,
615 3884 710 3949 egere
730 3867 928 3932 medicorum
950 3874 982 3932 et
1002 3866 1141 3935 iudicum
1163 3863 1287 3953 ἄκρον,
1312 3874 1345 3932 et
1365 3867 1444 3934 insti·
1462 3865 1571 3934 extrin-

402 3988 492 4033 secus
514 3967 621 4044 illari,
640 3968 747 4054 inopia
768 3969 903 4056 proprii.
948 3970 1085 4063 Turpius
1107 3970 1201 4036 etiam
1223 3989 1294 4036 esse
1316 3972 1348 4046 in
1370 3969 1494 4038 iudiciis
1515 3971 1569 4035 cir·

400 4073 541 4158 enmagi,
566 4079 596 4137 at
618 4070 748 4156 gloriari
770 4081 903 4159 propter
921 4071 1099 4140 facultatem
1111 4074 1225 4140 iniuste
1239 4073 1362 4157 agendi,
1384 4071 1572 4140 nubiobno·

398 4176 486 4242 xium
509 4195 648 4259 poenae,
672 4176 881 4260 ignorantem„
894 4185 1020 4261 quanto«
1034 4175 1173 4263 pulcrius
1195 4179 1319 4244 sitnon
1341 4197 1436 4263 egere
1458 4176 1568 4244 dormi-

397 4269 492 4345 tantis
519 4278 645 4350 iudicis.
691 4280 793 4361 Quem
819 4277 923 4348 locum
952 4280 978 4348 si
1001 4301 1078 4354 cnm
1099 4279 1207 4366 priore
1229 4280 1284 4368 qui
1304 4281 1419 4367 legitur
1439 4301 1472 4370 p.
1496 4281 1568 4358 392,
