3296 5232
866 395 1096 478 ..ηει-

392 547 485 676 gmon
505 548 572 622 cimai
593 542 915 642 unificatione&
871 581 915 624 αα
938 556 1059 649 τρίτος,
1077 552 1194 626 itis'
1161 581 1208 638 τις
1228 551 1353 626 ταύτόν
1370 551 1576 647 ἇριστοκρα·

394 654 486 725 τικόν
505 664 563 726 καί
582 657 759 746 βασιλικὸν
779 660 938 747 τιθῶμεν.
986 661 1106 780 Τρίτος
1126 655 1205 751 γάρ.
1255 656 1518 786 Τριπλαρίον”
1493 684 1577 751 αρα,

394 747 525 844 ἦνὸ”
512 757 591 848 syci,
619 757 823 852 τριπλάσιον
842 759 984 857 ἀριθμῷ
1012 758 1167 891 ἀληθοῦς
1188 758 1350 847 ἡόονῆς
1331 768 1502 883 αφίρτηκτ
1525 759 1579 832 τό

394 889 523 956 ραννος.
556 867 742 934 Φαίνεται.
780 861 997 934 ’Boionius'
974 865 1041 952 αρ’,
1061 865 1162 957 ἔφην,
1190 860 1233 945 ὡς
1254 865 1355 948 ἔοικε,
1378 863 1421 934 τὸ
1442 867 1579 934 εἴδωλον

393 965 480 1036 κατὰ
501 965 561 1038 τὸν
581 970 641 1038 τοῦ
661 965 788 1058 μήκους
809 964 963 1059 ἀριθμόν
984 964 1103 1051 ἡδονῆς
1124 971 1320 1058 τυραννικῆς
1341 965 1383 1037 iis
1405 970 1468 1052 εἴη.
1510 971 1579 1036 Κο·

392 1072 473 1168 μιδῇ
492 1099 538 1159 γε.
581 1070 682 1142 Κατὰ
705 1076 744 1142 δὲ
762 1068 903 1162 δύναμιν
923 1077 980 1140 καί
1001 1071 1116 1164 τρίτην
1142 1069 1262 1156 ανξην,
1289 1074 1392 1191 ὃηλον
1422 1068 1518 1154 (λη’
1497 1068 1579 1140 από·

394 1199 513 1244 mosa
535 1167 658 1259 ὅτιν’
638 1174 831 1268 αφεστηκός
845 1177 1002 1263 γίγνεται.
1040 1175 1201 1258 Δῆλον,
1182 1197 1258 1268 εφη,
1279 1201 1327 1270 τρ
1339 1202 1376 1264 γε
1387 1177 1579 1268 laycorum

399 1274 584 1348 οόιιοῦν’
547 1305 604 1347 ταν
626 1305 676 1361 τις
695 1283 933 1373 μεταστρέψας
952 1274 1120 1371 ἀληθείᾳ
1127 1275 1250 1362 ἡδονης
1270 1276 1328 1348 τὸν
1348 1283 1502 1365 βασιλέα
1524 1281 1579 1348 τοῦ

319 1387 323 1400 ’
395 1378 558 1468 τνρόννον
580 1378 793 1477 ἀφεστηκότα
815 1378 924 1478 λέγῃ
914 1374 995 1462 όταν,
1018 1379 1219 1476 ἀφέστηκα,
1249 1385 1580 1454 ίννεαιιαιτικοσικαι-

395 1482 751 1565 επτακοσιοπλαοιόιιις
777 1478 872 1568 ἥδιον
892 1482 1001 1556 αὐτόν
1022 1487 1126 1569 ζῶντα
1148 1481 1279 1578 εὑρήσει
1300 1487 1524 1583 τελειωθείσῃ
1546 1489 1579 1582 τῇ

394 1585 701 1671 πολλαπλασιώσει,
728 1587 787 1658 τόν
816 1593 852 1658 δὲ
879 1586 1041 1681 τύραννον
1063 1585 1282 1681 ἀνιαρότερον
1302 1591 1342 1686 τῇ
1364 1587 1452 1686 αὐτῇ
1477 1586 1578 1685 ταύτῃ

395 1689 579 1764 ἀποστάσει
587 1692 621 1779 *).
659 1688 865 1783 Ἀμήχανον,
899 1694 980 1788 ἔφη,
1011 1690 1173 1781 λογισμὸν
1204 1690 1495 1788 καταπεφόρηκας
1526 1695 1579 1776 τῆς

395 1793 641 1889 διαφορότητος
672 1801 743 1866 τοῖν
775 1795 925 1886 όνὸροίν,
956 1799 1016 1866 τοῦ
1044 1815 1078 1868 τε
1106 1797 1237 1866 δικαίου
1265 1802 1322 1864 καὶ
1351 1799 1413 1864 τοῦ
1444 1793 1576 1873 aeeon

394 1897 478 1992 πρὸς
510 1895 630 1983 ἡδονήν
662 1925 694 1968 τε
726 1906 783 1974 καί
817 1897 930 1984 λύπην.
977 1903 1079 1968 Multo
1108 1903 1209 1987 magis
1237 1909 1343 1970 antam
1371 1899 1578 1986 superabitur

394 2004 527 2072 iniustus
554 1999 779 2099 εὐσχημοσύνη
806 2025 841 2072 τε
868 2005 945 2089 βίον
973 2010 1029 2072 καί
1058 1999 1172 2072 κόλλα
1199 2009 1256 2074 καί
1277 2001 1385 2098 ὀρινῇ.
1430 2007 1577 2072 Percon-

395 2112 490 2176 mode
512 2107 734 2174 Stallbaumius
755 2111 846 2192 edla
867 2110 911 2174 λι
938 2109 1081 2176 «Locum
1103 2107 1143 2176 de
1164 2107 1249 2176 ueris
1269 2127 1306 2176 aa
1325 2107 1414 2176 falsie
1434 2108 1577 2196 uolupta·

395 2210 480 2280 tibus
500 2210 706 2298 philosophus
726 2213 856 2294 copiose
878 2213 1022 2278 tractavit
1046 2211 1167 2280 Philet).
1189 2235 1224 2298 p.
1240 2216 1291 2280 36.
1307 2233 1393 2298 sqq„
1418 2215 1462 2278 ad
1487 2233 1576 2298 quarn

396 2316 642 2404 disputationem
663 2335 695 2382 u.
718 2316 814 2380 Proll
837 2322 954 2382 nostro
967 2335 998 2402 p.
1018 2319 1162 2382 LXXIII.
1186 2338 1254 2407 sqq.
1297 2319 1335 2384 In
1356 2319 1477 2382 eodem
1500 2316 1576 2384 libro

397 2419 491 2488 etiam
513 2417 670 2486 subtiliter
690 2417 801 2486 docuit
821 2418 994 2486 mentitae
1008 2418 1183 2504 sapientiae
1196 2440 1280 2496 essa,
1303 2421 1345 2486 (lc
1364 2417 1451 2486 vitae
1471 2423 1576 2488 huma·

395 2543 456 2591 uae
477 2522 627 2590 felicitate
648 2521 791 2588 iudicare
812 2521 978 2607 ipsamque
1003 2523 1100 2590 vitam
1129 2522 1174 2588 ita
1199 2543 1314 2609 regere
1335 2539 1373 2590 ac
1394 2521 1574 2598 moderari.

396 2636 434 2698 ut
453 2625 492 2694 ad
514 2647 608 2714 quam
629 2627 799 2694 maximam
820 2628 1027 2712 perveniatur
1047 2615 1241 2694 beatitatem.
1265 2649 1296 2692 v.
1320 2642 1352 2712 p.
1377 2629 1431 2696 ut.
1457 2629 1500 2696 Ι).
1513 2647 1575 2712 sqq.

397 2739 428 2798 ct
449 2734 606 2798 sermonis
628 2738 751 2813 partem
774 2739 960 2805 extremam.
1007 2731 1097 2808 Quae
1118 2729 1224 2796 omnia
1245 2729 1394 2815 ηοοαίνιο
1416 2727 1467 2795 ibi
1481 2729 1576 2796 multo

397 2834 544 2902 subtilius
574 2840 668 2920 alque
697 2835 857 2917 copiosius
885 2832 1029 2920 exposita
1056 2841 1130 2900 sunt
1158 2855 1253 2922 mna
1275 2832 1470 2901 bisfactum
1494 2842 1577 2899 asta

396 2935 604 3027 philosopho,
638 2939 721 3004 baud
743 2937 848 3024 inepte
870 2938 1038 3024 suspiceris
1058 2936 1224 3004 Philebum
1246 2944 1318 3004 ante
1339 2936 1490 3004 Politium
1512 2957 1577 3002 esse

398 3043 607 3128 compositum
629 3048 663 3108 et
684 3040 716 3106 in
738 3039 841 3108 lucem
864 3043 1026 3108 emissum.
1070 3045 1158 3108 Idem
1187 3044 1227 3108 da
1253 3041 1338 3108 libro
1361 3040 1503 3131 Gorgiae
1524 3062 1578 3106 no-

397 3146 482 3212 mine
503 3145 653 3229 inscripto
676 3145 770 3221 valet,
793 3147 829 3212 in
848 3165 912 3229 quo
935 3164 1032 3230 quum
1053 3145 1151 3212 multa
1172 3143 1212 3211 (le
1234 3145 1404 3230 voluntarla
1426 3153 1461 3210 et
1482 3149 1578 3210 hone·

397 3252 485 3316 statis
505 3251 628 3315 ratione
650 3247 808 3314 subtiliter
829 3248 1043 3326 disseruntur,
1074 3257 1141 3315 tum
1162 3247 1259 3316 vitam
1281 3248 1406 3338 tyranni
1427 3247 1578 3318 miseriae

396 3354 522 3443 plenam
544 3373 614 3420 esse
636 3354 805 3420 luculentia
828 3351 1022 3435 argaunentls
1043 3351 1317 3438 demonstratum
1362 3356 1528 3420 Tamenne
1549 3353 1578 3418 in

397 3456 515 3526 iudicio
538 3459 578 3522 de
599 3457 664 3522 vita
684 3458 768 3522 insta
788 3455 841 3522 eal
861 3454 978 3522 ininsta
995 3457 1127 3524 ferendo
1142 3455 1299 3522 sermonis
1313 3457 1579 3542 praestantissimi

397 3559 493 3628 linem
514 3562 635 3627 versari
656 3568 822 3644 putemus,
847 3579 945 3644 quum
968 3579 1007 3624 ea
1026 3559 1097 3644 ipsa
1118 3567 1321 3645 argumenta,
1344 3557 1461 3644 quibus
1484 3563 1578 3626 vitan

399 3667 512 3731 iustam
524 3671 697 3750 praestare
720 3665 866 3742 docetur,
892 3661 926 3728 in
947 3661 1017 3728 aliis
1037 3660 1128 3740 libris
1148 3662 1247 3730 multo
1269 3662 1460 3730 luculentius
1483 3683 1577 3750 quan

399 3770 451 3834 hio
472 3775 603 3835 tractata
625 3765 707 3834 siuti
751 3769 799 3832 Ita
818 3766 897 3852 ipsis
920 3785 1031 3834 eornm
1054 3764 1317 3844 confessionibus,
1343 3766 1399 3853 qui
1420 3765 1518 3834 aliana
1541 3770 1577 3833 de

400 3919 693 3946 *dm—...n-

470 4029 492 4100 ')
524 4035 563 4087 Bo
587 4040 723 4100 pertinere
742 4035 810 4088 hanc
829 4036 1054 4096 computationem
1074 4039 1104 4084 ut
1123 4037 1252 4098 quantum
1272 4037 1388 4097 praestat
1406 4033 1528 4097 perlecta
1547 4037 1577 4087 cl·

399 4127 465 4180 titas
491 4126 621 4190 tyrauntdl
641 4129 717 4192 quast
735 4123 858 4177 sensibus
877 4121 1034 4174 subltclatur
1053 4123 1080 4174 ln
1099 4130 1192 4185 aperto
1212 4129 1260 4175 cst.
1298 4123 1422 4176 Getarum
1441 4125 1577 4178 conferan-

353 4233 355 4236 ·
397 4211 441 4266 tur
460 4225 529 4279 quae
548 4213 598 4266 boc
617 4213 650 4266 da
669 4215 728 4268 loco
745 4215 851 4266 monuit
868 4211 1048 4268 Schoelderns
1065 4215 1092 4267 tu
1112 4212 1279 4278 praelatione
1298 4215 1372 4267 tertlt
1391 4214 1575 4280 voluminius.

397 4303 600 4374 mxxviii.
618 4315 680 4369 sou
