3298 5232
859 402 906 427 w·
946 371 1006 438 lbi
1049 401 1098 426 w

390 534 534 623 specioso
564 536 671 622 operis
692 532 754 600 lios
778 533 910 602 sienae.
923 540 1007 602 sunt.
1052 535 1117 598 Nec
1145 533 1311 618 quisquam
1337 531 1417 610 erit,
1448 532 1505 626 qui
1526 533 1570 600 di-

389 642 498 718 yinum
531 639 669 706 Platonis
701 638 862 723 ingenium
885 640 925 704 ‘iu
954 640 1177 722 componendo
1203 640 1266 704 boc
1295 637 1570 722 praestantissimo

267 737 270 742 ¹
389 764 487 829 opere
513 743 666 810 orationis
690 750 777 808 recte
802 740 967 826 fingendae
995 743 1082 826 leges
1114 741 1292 827 neglexisse
1317 740 1424 806 dicero
1444 739 1571 807 audeat

389 883 431 896 -
450 851 531 912 *Nam
558 847 617 914 viri
647 845 756 913 divino
781 847 909 932 ingenio
932 846 1086 930 praediti·
1108 845 1290 928 superiores
1314 846 1439 928 vulgari
1459 844 1574 928 regula

389 949 485 1031 artis„
512 953 573 1016 sibi
598 971 657 1034 pro
683 949 792 1033 regula
815 957 898 1016 sunt.
945 947 992 1013 Gi.
1016 949 1140 1016 Dissen.
1174 946 1224 1014 ad»
1243 951 1492 1015 Demosthenem
1514 967 1574 1035 pro
1635 971 1636 978 ¹

389 1074 457 1122 cor.
480 1074 514 1140 p.
541 1055 612 1120 tta.
637 1061 668 1120 et
688 1053 823 1120 Becker,
847 1052 1076 1121 Demosthenes
1098 1074 1128 1139 p.
1152 1055 1225 1118 ete.

473 1160 540 1224 lam
567 1161 714 1224 videntur
743 1157 866 1243 reliqua
894 1159 1112 1242 percensenda
1141 1177 1221 1224 esse.
1273 1159 1329 1222 Est
1354 1175 1433 1222 vero
1463 1175 1573 1222 earum

390 1281 497 1329 rerum
517 1261 687 1345 explicatio
705 1283 778 1328 oum
796 1264 837 1328 iis
860 1281 941 1346 quae
959 1269 1202 1346 praecesserunt
1217 1258 1394 1328 arctissime
1412 1281 1570 1332 connexa.

301 1451 305 1456 Ι
384 1359 601 1453 Ἀνθρώιτοις
627 1362 692 1455 γὰρ
725 1366 808 1457 φῦσι
837 1370 893 1431 καὶ
920 1367 1154 1432 παιδευθεῖσιν
1182 1358 1225 1441 ὡς
1251 1357 1345 1450 ἡμεῖς
1366 1358 1571 1450 διήλθομεν,

389 1463 458 1534 κατ’
484 1465 564 1556 ἐμὴν
585 1464 686 1549 δόξαν
708 1464 778 1536 οὐκ
800 1464 879 1535 ἔστ’
905 1465 1009 1549 ἄλλη
1035 1463 1147 1557 ὀρθὴ
1168 1469 1328 1534 παίδων
1351 1491 1392 1534 rs
1413 1472 1487 1534 καὶ
1509 1492 1570 1552 γο-

389 1573 547 1640 ναικῶν-
570 1571 718 1653 κτῆσίς
747 1595 788 1638 τι
819 1577 886 1638 καὶ
912 1571 1049 1660 χρεία,
1079 1565 1203 1652 ἤματ’
1228 1571 1390 1652 ἐκείνην
1411 1567 1483 1652 τὴν
1506 1565 1570 1660 ὁρ·
1635 1585 1636 1600 ’

388 1671 468 1763 μὴν
496 1671 636 1744 ἰοῦσιν
664 1667 790 1763 ἥνπερ
818 1672 1047 1766 τὸπρῶτον
1070 1668 1332 1764 ὡρμήσαμεν.
1363 1668 1570 1762 ἕτιεχειρήσα-
1635 1755 1636 1760 ¹

389 1804 448 1866 μεν
464 1782 501 1847 δέ
515 1803 579 1848 noo
598 1774 640 1858 ὡς
653 1775 772 1866 ἀγέλης
788 1775 943 1871 pellenae
957 1774 1034 1856 τοὺς
1049 1775 1173 1863 ἄνδρας
1187 1772 1399 1850 καθιστάναι
1414 1773 1570 1870 τῷλόγῳ.

388 1884 468 1950 Ναί.
499 1879 759 1971 Ἀκολουδῶμεν
774 1884 953 1951 τοίνυνκαὶ
970 1878 1029 1963 τὴν
1042 1885 1167 1966 γένεσιν
1181 1886 1235 1948 καὶ
1226 1879 1381 2003 trpopr'pa
1395 1885 1568 1972 coponio·
1635 1943 1636 1968 χ

389 1989 465 2058 σιάν
480 1982 703 2066 ἀποδιδόντες,
719 1993 773 2054 καὶ
791 1987 970 2072 σκοπῶμεν,
993 2011 1022 2052 at
1036 1980 1252 2072 ἡμῖνπρέπα,
1267 1981 1355 2067 ἢοῦ.
1380 1985 1519 2065 Πῶς,·”
1500 2011 1568 2077 εφη

385 2081 475 2162 Ὧδε.
519 2088 567 2158 cf
591 2113 622 2173 p.
646 2093 717 2161 451.
742 2093 785 2156 St
830 2092 924 2168 Quod
954 2091 981 2155 si
1012 2090 1155 2154 virorum
1182 2108 1263 2173 quos
1292 2091 1399 2173 gregis
1425 2089 1569 2158 custodes
1635 2071 1636 2154 l

389 2194 467 2260 lecit
498 2192 642 2260 educatio
675 2196 715 2260 ad
743 2192 894 2272 iustitiam
925 2193 1123 2277 pertinebat,
1161 2196 1242 2258 hano
1271 2194 1367 2258 etiam
1402 2195 1570 2258 mulierum

390 2298 608 2380 educationem
640 2301 681 2362 ad
709 2297 859 2363 iustitiam
886 2297 1049 2380 pertinere
1072 2316 1204 2370 necesse
1231 2304 1296 2375 est3
1336 2298 1468 2362 sivero
1495 2300 1571 2362 baec

390 2422 470 2489 quae
504 2405 553 2468 de·
571 2400 756 2468 mulieribus
782 2403 928 2466 dicuutur
951 2404 989 2467 ad
1017 2402 1182 2490 ciuitatem·
1200 2402 1461 2484 pertinentem
1494 2421 1571 2486 quae

391 2510 430 2575 de
458 2505 536 2572 viris
562 2514 653 2570 antea
684 2507 794 2571 eedem
821 2506 1016 2578 dictasunt,
1051 2525 1116 2570 non
1140 2503 1255 2572 eodem
1276 2506 1482 2590 pertineant?
1525 2508 1571 2570 Ad

391 2609 548 2676 civitatem
575 2611 758 2674 varohaec
781 2616 889 2673 nostra
914 2607 1076 2691 pertinere
1102 2609 1293 2692 interpretes
1314 2605 1492 2674 affirmant:
1514 2609 1570 2674 Die

391 2719 476 2780 erste
507 2715 704 2796 Erorterung
732 2733 797 2776 nun
827 2709 909 2778 iiber
944 2711 996 2777 die
1024 2708 1233 2796 Verbipdung.
1259 2715 1315 2778 der
1347 2711 1571 2780 Gescblechter
1635 2735 1636 2796 3

390 2824 484 2883 unter
510 2818 569 2881 der
594 2813 830 2882 bcrrscheuden
860 2814 1051 2900 Abtheilung
1080 2815 1137 2881 des
1167 2817 1308 2892 Staates,
1330 2813 1478 2882 tbczieht
1506 2815 1571 2882 siob
1635 2867 1636 2924 p

389 2919 715 2986 fast‘ausschliessend
736 2920 793 2985 aui
806 2922 902 3004 jenen
922 2918 994 2984 dem
1014 2919 1127 2985 Platon
1145 2918 1433 3003 eigeutbiimlicben
1451 2919 1572 2986 urbild-
1635 2927 1636 2956 ¹

390 3026 498 3092 lichen
515 3026 643 3092 issaar.»
690 3021 737 3086 Cf.
763 3022 1044 3090 Schleiermacber.
1067 3021 1185 3090 iutrod.
1209 3026 1315 3106 p.·3,l.
1382 3053 1385 3060 ¹

415 3183 417 3189 ,
475 3127 665 3194 Mulieribus
692 3125 789 3210 igitur
807 3130 917 3196 eadem
939 3147 1021 3212 quae
1044 3129 1129 3208 viris,
1151 3146 1207 3194 sua
1229 3135 1344 3206 tamen,
1370 3129 1500 3212 negotia
1519 3130 1572 3193 tri-

391 3235 518 3300 buenda
541 3252 611 3297 esse
638 3230 810 3305 existimat,
840 3238 935 3316 atque
959 3237 994 3294 ut
1018 3229 1052 3297 id
1076 3239 1163 3298 recte
1187 3228 1258 3306 liat,
1286 3229 1437 3297 mulieres
1462 3231 1571 3297 eadem

390 3335 514 3402 ratione
539 3356 603 3421 qua
628 3337 713 3400 viros
739 3333 922 3403 nutriendos
952 3340 984 3400 et
1013 3333 1193 3400 educandos
1216 3355 1286 3400 esse
1312 3337 1416 3400 docet.
1462 3337 1572 3420 Itaque

391 3438 509 3506 musica
534 3446 567 3522 et
588 3437 781 3522 gymnastiea
802 3445 870 3502 arte
896 3437 1044 3509 mulieres
1067 3440 1162 3504 etiam
1186 3440 1390 3513 excolendae,
1419 3457 1478 3504 nec
1500 3459 1573 3524 pro·
1635 3467 1636 3538 j

392 3543 443 3608 oul
463 3515 628 3608 habendae
651 3562 669 3607 a
691 3541 880 3606 militaribus
900 3540 1036 3624 negotiis
1055 3561 1158 3628 neque
1177 3561 1196 3604 a
1215 3539 1322 3608 bello.
1356 3544 1428 3606 Non
1443 3541 1573 3627 negligit
1635 3543 1636 3548 ’

392 3654 497 3711 autem
523 3647 574 3712 rei
600 3642 817 3710 difficultates:
846 3640 944 3722 Ἴσως
966 3642 1023 3726 δὴ,
1046 3645 1155 3722 elnon,
1177 3641 1269 3734 παρὰ
1291 3639 1330 3710 τὸ
1352 3642 1438 3721 ἔθος
1459 3649 1572 3730 γελοῖα
1635 3679 1636 3754 ζ

393 3745 433 3815 ἂν
456 3749 611 3838 φαίνοιτο
634 3744 742 3814 πολλὰ
763 3752 837 3834 περὶ
860 3743 902 3812 τδι
920 3748 978 3814 νῦν
992 3743 1161 3865 λεγόμενα,
1186 3771 1213 3814 ει
1208 3736 1418 3838 πράξεταιῇ
1434 3749 1571 3833 λέγεται.

391 3849 518 3916 Relutat
539 3847 712 3918 deinde
675 3875 717 3916 τα
740 3851 803 3918 τῶν
814 3853 994 3938 χαριέντων
1009 3846 1192 3938 σκώμματα
1207 3850 1247 3916 de
1267 3850 1378 3936 puellis
1395 3850 1570 3937 vetulisque

391 3956 424 4020 in
446 3957 617 4039 gymnasiis
645 3952 782 4021 libenter
807 3973 841 4018 se
870 3953 1109 4031 exercentibus,
1137 3958 1181 4020 ito
1202 3962 1238 4020 ut
1262 3957 1374 4021 doceat
1402 3958 1548 4020 eadem'
1539 3977 1570 4018 ru

390 4056 469 4124 uiris
490 4077 618 4157 quoque
640 4077 705 4122 non
729 4057 861 4127 multum
884 4064 975 4125 antea
993 4061 1081 4144 apud
1103 4059 1240 4125 Graecos
1260 4055 1367 4143 turpia
1385 4065 1417 4122 et
1436 4056 1567 4124 ridicula

306 4229 308 4234 ,
390 4162 459 4230 vise
484 4181 567 4236 esse,
594 4162 686 4226 sicuti
713 4149 922 4228 barbarorum
942 4161 1102 4248 plerisque
1125 4180 1208 4230 nunc
1230 4180 1359 4247 quoque
1384 4162 1569 4238 uideantur;

391 4273 423 4334 et
451 4263 578 4336 licuisse
601 4261 732 4333 urbanis
763 4263 943 4332 hominibus
971 4273 1039 4331 tum
1073 4263 1185 4332 eadem
1213 4267 1292 4332 baec
1321 4266 1446 4346 ridere,
1476 4285 1571 4352 quum
