3312 5238
562 402 795 480 -11'7-

86 565 178 638 δεῖ“
161 559 269 663 άσπερ
297 573 475 658 κυνηγέτας
496 566 586 651 τινάς
608 565 747 660 θάμνον
767 565 873 665 κύκλῳ
896 571 1139 666 περιίστασθαι
1160 565 1264 668 προσ

84 677 222 761 έχοντας
245 670 301 742 τὸν
323 677 409 756 νοῦν,
431 703 477 764 η
492 701 536 758 πη
552 671 733 770 διαφύγῃ’
715 701 735 758 η
751 642 943 760 δικαιοσύνη
958 703 1013 745 και
1003 673 1265 800 ἀφανισθεῖσα

82 773 210 858 ἄδηλος
229 781 375 864 γένηται·
399 776 545 871 φανερὸν
565 776 631 870 γὰρ
653 768 750 861 δὴ,“
731 801 783 844 οτι
805 773 909 874 ταύτῃ
931 805 976 862 πη
998 779 1097 848 ἔστιν.
1122 772 1187 867 ὅροι
1205 769 1265 852 οῦν

81 885 138 947 καί
168 883 353 972 προθυμοῦ
383 883 588 963 κατιδεῖν,
572 877 630 948 εάν
650 907 719 960 ποις
740 875 905 972 πρότερος
921 884 1001 971 ἐμοῦ
1023 885 1094 978 ίδῃς
1114 890 1178 951 καὶ
1192 887 1277 973 ἐμοί-

81 979 230 1079 φράοης.
273 981 323 1052 Εἰ
342 981 407 1076 γάρ
431 983 611 1079 ὤφελον,”
592 1011 668 1078 εφη
692 979 779 1052 ἀλλά
800 985 979 1070 μᾶλλον,
962 981 1019 1052 εάν
1039 1011 1098 1074 μοι
1120 989 1263 1080 ἑπομένῳ

76 1087 145 1180 χρῇ
176 1092 232 1154 καί
259 1084 301 1153 τά
331 1083 520 1175 δεικνύμενα
547 1092 714 1180 δυναμένῳ
734 1089 937 1214 καθορᾶν,
940 1085 1026 1157 πάνυ
1047 1115 1107 1177 μοι
1127 1091 1265 1236 μετρίας

80 1263 176 1360 ἀλλά
201 1287 319 1382 μόνον,
345 1281 366 1376 6
396 1289 466 1361 6'
455 1288 507 1376 ἀς,
537 1289 630 1381 ἡγοῦ.
673 1296 744 1362 Καὶ
765 1291 890 1383 μὴν,ε
876 1227 1005 1362 είπύνέ
989 1293 1066 1382 676,
1097 1290 1265 1383 δύσβατός

79 1400 120 1484 γέ
142 1421 195 1474 τις
216 1390 234 1462 6
258 1392 360 1476 τύπος
382 1397 538 1490 φαίνεται
559 1399 652 1464 καῖ’
635 1398 795 1476 ἐπίσκιος
826 1397 898 1464 ἐστι
917 1398 998 1485 γοῦν
1020 1397 1187 1481 σκοτεινὸς
1208 1405 1264 1468 καί

80 1494 361 1591 δυσδιερεύνητος·
392 1496 479 1567 ἀλλὰ
503 1497 568 1588 γάρ
595 1492 684 1588 ὅμως
705 1497 800 1569 ἰτέον.
838 1497 946 1568 Ἰτέον
966 1497 1047 1591 γάρ,
1075 1503 1149 1592 ἐφη.
1191 1505 1264 1572 Καὶ

80 1599 146 1690 ἐγὼ
168 1599 310 1670 κατιδὼν
326 1599 432 1670 '106'
417 1600 486 1684 τοῦ,
509 1595 616 1685 εἶπον,
639 1591 664 1671 6
685 1607 712 1672 Ι
713 1599 857 1672 ’λαυκαν
881 1601 1113 1724 κινδυνεύομέν
1126 1631 1159 1674 τι
1170 1605 1264 1730 ἔχειν

80 1708 191 1794 ἴχνος,
220 1707 277 1774 καί
303 1725 362 1793 μοι
389 1708 482 1773 δοκεῖ
505 1702 543 1774 οῦ
570 1701 657 1774 πάνυ
677 1731 721 1774 τι
726 1703 1008 1834 ἐκφευξεῖσθαι
990 1709 1089 1796 ημάς
1133 1696 1226 1778 Εῦ’
1206 1737 1264 1798 ay·

78 1798 275 1896 μέλλεις,
256 1835 275 1891 η
306 1800 385 1876 6'-‘'
366 1835 412 1888 ος.
450 1807 503 1876 Ἡ
524 1803 603 1896 μὴν,
632 1796 673 1892 ἦν
702 1805 733 1877 6
766 1807 846 1897 ἐγὼ,
873 1807 1034 1897 βλακικόν
1061 1835 1098 1899 με
1124 1808 1201 1901 ἡμιν
1223 1810 1262 1880 τὸ

79 1908 211 1991 πάθος.
266 1909 313 1980 Τὸ
340 1921 455 1996 ποῖον,·
483 1908 621 1994 Πάλαι,
652 1899 680 1979 6
703 1907 864 2040 μακάριε,
889 1915 1043 2038 φαίνεται
1065 1911 1139 2036 πρὸ
1153 1917 1265 1985 ποδῶν

79 2011 162 2104 ἡμῖν
190 2011 270 2098 ἐξ’
251 2017 354 2107 αρχῆς
382 2019 631 2097 κυλινδεῖσθαι,
657 2020 713 2084 καὶ
737 2012 797 2106 οὐχ
818 2018 965 2140 ἑωρῶμεν
985 2013 1036 2109 ἀρ’
1061 2013 1161 2100 αὐτὸ,
1190 2015 1259 2088 ἀλλ’

80 2107 165 2206 ἦμεν
191 2115 578 2207 καταγελαστότατοι,’
562 2111 669 2210 ω’σπερ
696 2123 728 2186 οῖ
756 2122 790 2187 ἐν
817 2125 890 2199 ταῖς
914 2126 1026 2210 χερσίν
1055 2119 1245 2210 ἐχοντεςη
1207 2123 1263 2206 ζη

80 2225 200 2291 τοῦσιν
221 2225 321 2291 ἐνίοτε
351 2217 370 2290 6
391 2222 518 2344 έχουσι·
549 2229 604 2290 καί
625 2220 718 2311 ἡμεῖς
740 2219 786 2302 εἰς
807 2219 891 2290 αὐτὸ
912 2231 973 2311 μέν
995 2219 1055 2292 οῦκ
1077 2220 1266 2312 ἀπεβλέποω

81 2351 159 2416 μεν,
189 2319 302 2416 πύρῥω
331 2329 368 2394 δέ
393 2351 452 2393 ποι
473 2321 734 2414 ἀπεσκοποῦμεν,
764 2317 790 2431 ᾗ
816 2323 859 2409 66
877 2331 942 2394 καί
969 2322 1202 2396 ἐλάνθανεν”
1184 2352 1262 2410 ιοως

81 2428 180 2518 ἡμᾶς.
223 2428 363 2510 Πῦς,”
344 2455 464 2523 εφη,.
445 2433 563 2516 λέγειςς
597 2421 774 2510 0669st
746 2453 853 2507 ειπον,
879 2425 922 2509 ὠς
943 2432 1103 2552 δοκοῦμέν
1122 2451 1181 2519 μοι
1203 2425 1265 2534 κάλ

81 2539 231 2620 λέγοντες
253 2528 336 2600 αῦτὸ
358 2539 413 2600 καί
436 2528 610 2611 ἀκούοντες
631 2529 736 2601 πάλαι
759 2529 796 2600 ού
820 2529 1048 2622 μανθάνειν’
1030 2535 1119 2654 ημιῦν
1141 2525 1259 2619 αῦτῦν,

83 2630 135 2704 ὅτι
165 2639 317 2724 ἐλέγομεν
345 2631 469 2728 τρόπον
491 2633 564 2704 τινὰ
587 2631 680 2705 αὐτό.
718 2635 932 2758 Μακρὸν,”
914 2661 994 2730 εφη,
1024 2634 1062 2704 τὸ
1084 2641 1265 2764 προοίμιον

81 2767 125 2834 τῳ
110 2734 414 2828 ἐπιθυμοῦντι’
394 2740 545 2808 ακοῦσαι.
583 2725 733 2821 ''³A77,
713 2764 754 2822 ην
777 2735 852 2807 δ
836 2764 898 2826 εγω
905 2791 914 2822 ,
943 2737 1058 2819 ἄκουε,
1088 2743 1168 2810 εἴτι
1191 2739 1260 2832 ἀρα

81 2812 180 2932 λέγω.
211 2838 232 2910 6¹
259 2840 337 2932 γὰρ
364 2829 449 2924 ἐξ’
430 2844 558 2932 αρχῆς
584 2844 778 2931 ἐθέμεθα
805 2846 889 2911 δεῖν
915 2849 1048 2913 ποιεῖν
1069 2842 1140 2914 676
1159 2871 1259 2916 παν
1263 2866 1266 2874 ’

78 2946 174 3028 τὸς,
212 2937 282 3014 ὅτε
315 2943 387 3028 τὴν
418 2941 540 3014 πόλιν
572 2948 866 3040 κατῳκίζομεν,
899 2943 1025 3018 τοῦτό
1051 2950 1178 3032 ἐστιν,
1209 2947 1260 3032 ιύς

78 3054 172 3134 ἐμοὶ
196 3051 325 3132 δοκεῖ,
355 3045 452 3132 ἤτοι
468 3044 622 3118 τούτου
645 3075 683 3117 τι
705 3041 818 3128 εἶδος
838 3045 859 3132 6
882 3047 1146 3136 δικαιοσύνη.
1168 3055 1258 3121 ἐθέ·

76 3157 199 3243 μεθα
222 3155 264 3220 δὲ
286 3148 421 3236 δήπου
438 3159 508 3220 καί
527 3149 726 3232 πολλάκις
747 3155 954 3240 ἐλέγομεν,
976 3150 1014 3221 εἰ
1031 3158 1268 3243 μέμνησαι,1

79 3251 146 3326 ὅτι
177 3259 244 3324 ἕνα
274 3258 453 3325 ἕκαστον
480 3251 521 3325 ἐν
550 3259 639 3325 δέοι
668 3252 931 3339 ἐπιτηδεύειν
960 3258 1037 3325 τῶν
1063 3263 1164 3344 περί
1184 3257 1267 3342 τὴν

78 3357 221 3440 πόλιν,
249 3355 308 3438 εἰς
329 3353 348 3426 6
371 3356 497 3428 αὐτοῦ
518 3355 538 3443 6
561 3355 689 3454 φύσις
711 3355 1025 3444 ἐπιτηδειοτάτη
1047 3368 1269 3455 πεφυκυῖαῑ

79 3468 157 3548 είή.
197 3459 421 3551 Ἐλέγομεν
452 3455 542 3552 γάρ.
584 3468 670 3532 Καὶ
697 3461 776 3552 μὴν
808 3456 872 3532 ὅτι
900 3489 940 3551 με
969 3461 1016 3532 τῦ
1048 3461 1096 3532 τά
1123 3460 1257 3535 αὑτοῦ

77 3564 283 3660 πράττειν
311 3573 379 3634 καὶ
406 3563 457 3652 μὴ
483 3571 849 3660 πολυπραγμονεῖν
877 3564 1124 3687 δικαιοσύνη
1153 3571 1268 3653 έστίμ

78 3678 151 3741 καί
182 3670 305 3737 τοῦτο
334 3667 469 3738 ἀλλων
496 3695 537 3738 τε
564 3666 777 3738 πολλῶν’
757 3665 1006 3760 αιιηκόαμεν
1038 3678 1106 3739 καὶ
1137 3669 1270 3741 αὐτοί

77 3769 288 3853 πολλάκις
318 3769 554 3876 εἰρήκαμεν.
605 3769 842 3864 Εἰρήκαμεν
870 3770 956 3865 γάρ.
1010 3776 1144 3844 Τοῦτο
1170 3778 1258 3846 τοτ’·
1265 3817 1267 3826 1

78 3903 172 3960 νυν,
202 3864 344 3961 666³
328 3875 420 3964 ἐγὼ,
451 3875 475 3944 ὠ
498 3879 610 3970 φίλε,
640 3875 892 3948 κινδυνεύει
901 3875 1058 4000 τρόπον
1079 3876 1260 3969 τινάηι-
1264 3925 1270 3934 ·

77 3978 280 4070 γνόμενον
301 3975 321 4063 6
344 3976 597 4065 δικαιοσύνη
619 3970 744 4066 εἶναι,
767 3980 812 4050 τὸ
834 3981 882 4051 76
897 3978 1031 4051 αὑτοῦ
1052 3979 1273 4073 πράττειν’·

79 4078 193 4155 οἶσθα
222 4076 308 4152 ὅθεν
338 4085 572 4174 τεκμαίρομαις
613 4081 710 4169 Οῦκ,
729 4083 815 4155 ἀλλά
843 4083 969 4174 λέγ’,”
950 4103 1024 4182 εφη.
1070 4091 1171 4156 Δοκεῖ
1186 4113 1256 4176 μοι,

77 4215 121 4271 ην
142 4184 177 4256 δ
201 4185 278 4276 ἐγὼ,
299 4185 338 4254 τὸ
360 4183 577 4256 ύπὸλοιπον’
561 4213 595 4256 εν
616 4191 655 4285 τῇ
676 4180 815 4258 πόλει
790 4215 834 4258 ων
856 4192 1058 4280 ἐσκέμμεθα,
1081 4186 1255 4284 σωφροσύ·
1241 4215 1274 4246 ·‘-

78 4319 138 4376 νης
160 4297 217 4360 καὶ
236 4287 399 4384 ἀνδρείας,
420 4297 476 4360 καί
496 4287 697 4388 φρονήσεως,
719 4295 817 4362 τοῦτο
839 4284 938 4378 εἶναι,
960 4289 981 4364 6
1001 4295 1103 4366 πᾶσιν
1115 4295 1274 4374 ἐκείνοις
