3312 5238
773 368 1087 432 .-·66·-

388 523 610 610 ‘pertinereut3
645 520 685 590 de
713 522 845 592 veritate
874 533 982 592 autem
1008 525 1048 598 iu,
1073 528 1256 594 uuiversum
1284 534 1404 596 tantum
1426 526 1574 604 dimisset,

389 627 491 706 ⁴nullis
514 648 557 694 ex
578 629 720 696 Homero
736 629 890 716 exemplis,
902 629 1013 706 allatis,
1036 629 1110 696 satis
1125 631 1348 698 verosimiliter
1361 630 1472 698 falsam
1486 631 1576 706 hanc,

398 753 492 820 quam
514 753 612 819 supra
631 732 777 818 legimus,
799 732 839 800 de
862 731 1018 800 dictorum
1040 732 1153 800 ordino
1175 755 1212 800 ac
1233 734 1439 821 dispositione
1453 743 1578 800 seuten-

396 838 473 904 tiam
500 835 647 924 proferre
673 844 812 922 poterat,
843 857 903 904 nec
931 835 1106 906 timendum
1129 844 1212 915 erat,
1243 838 1389 924 nequis,
1423 840 1479 926 qui
1501 842 1579 904 haec

384 940 536 1028 ‚primum
557 941 694 1025 legeret,
727 947 758 1011 et
779 939 971 1009 Platonicam
993 939 1033 1006 de
1055 951 1192 1026 quatuor
1212 941 1381 1007 virtutihus
1402 941 1579 1008 doctrinam

397 1045 555 1130 cognitam
576 1065 642 1122 non
662 1043 808 1120 haberet,
830 1048 911 1110 hanc
931 1043 1077 1118 fraudem
1096 1045 1277 1131 philosophi
1299 1044 1576 1112 animadverteret.

397 1152 464 1234 Nos
491 1157 596 1216 tamen
623 1169 740 1216 verum
767 1147 988 1234 disputationis
1017 1147 1164 1214 ordinem
1189 1167 1285 1236 supra
1306 1153 1508 1238 proposuisse
1531 1147 1580 1213 in-

397 1260 553 1338 terpretes
574 1251 789 1328 consentiunt,
811 1251 878 1332 .(cl.
903 1251 1096 1320 Stallhaumii
1117 1251 1223 1318 locum
1245 1273 1340 1340 quem
1361 1274 1458 1337 supra
1479 1253 1579 1336 scrip-

397 1356 521 1442 simus,)
551 1365 583 1422 et
609 1359 649 1422 ud
677 1354 822 1422 homines
844 1355 922 1422 haec
943 1355 1050 1422 omnia
1071 1356 1232 1440 pertinere
1254 1362 1374 1422 eertum
1394 1363 1454 1420 est.
1499 1359 1579 1420 Nam

397 1482 480 1548 quae
502 1460 542 1527 de
563 1457 716 1526 heroibus
736 1459 851 1536 valent,
875 1479 933 1526 eur
954 1480 1020 1530 nou
1039 1462 1161 1526 eadem·
1173 1463 1213 1526 de
1235 1457 1415 1526 hominibus
1433 1458 1579 1524 valeant?

399 1567 463 1631 Cur
485 1563 569 1630 enim
589 1567 668 1629 haec
689 1561 729 1628 de
749 1559 904 1636 heroibus
926 1571 956 1628 et
977 1562 1184 1654 daemonibus
1202 1566 1285 1630 dicta
1300 1562 1340 1629 ad
1353 1562 1488 1628 militum
1503 1561 1581 1628 edu-

399 1670 555 1734 cationem
575 1665 776 1754 adhibentur,
800 1688 873 1736 eum
893 1666 927 1733 in
947 1665 1061 1746 tinem,
1084 1674 1120 1733 ut
1140 1665 1255 1742 lortes,
1280 1673 1507 1754 temperantes,
1531 1687 1580 1730 sa·

398 1772 532 1858 pientes,
544 1769 730 1842 instillant?
754 1771 819 1838 Gur
827 1774 866 1836 de
877 1769 945 1838 sola
954 1771 1071 1838 iustitia
1081 1769 1289 1857 philosophus
1298 1770 1403 1836 dicere
1415 1791 1479 1838 non
1492 1769 1579 1836 vulti

398 1879 561 1961 Tanquam
590 1873 631 1940 de
660 1871 842 1941 hominibus
869 1873 948 1940 nihil
969 1873 1054 1941 aliud
1075 1872 1138 1940 dici
1158 1881 1281 1960 posset,
1315 1895 1410 1960 quam
1431 1876 1519 1960 quod
1540 1875 1581 1938 ad

398 1979 548 2046 iustitiam
562 1980 746 2066 pertineret,
768 1998 827 2043 nec
848 1976 966 2044 dietum
987 1977 1028 2044 sit
1040 1977 1074 2044 in
1087 1977 1268 2064 prioribust
1292 1978 1418 2044 Dictum
1432 1985 1480 2042 est
1495 1976 1581 2042 enim

400 2088 439 2150 de
454 2081 658 2156 fortitudine,
681 2081 721 2146 de
742 2082 886 2154 veritate,
910 2079 950 2148 de
971 2083 1195 2166 temperantia,
1218 2086 1257 2148 de
1278 2082 1396 2148 iustitia
1417 2083 1497 2168 ipsa.
1535 2079 1581 2146 cf.

390 2206 432 2274 .p.
450 2189 524 2252 390.
543 2189 582 2254 Ι).
601 2205 669 2276 sqq.
690 2189 735 2250 hc
756 2183 922 2251 tradidisse
944 2183 1047 2276 inhis
1068 2184 1230 2267 Platonem
1253 2207 1316 2252 non
1339 2207 1450 2254 verum
1473 2185 1582 2272 dispu-

398 2289 527 2362 tationis
549 2287 705 2364 ordinem,
728 2287 785 2356 sed
805 2287 955 2354 fefellisse
976 2287 1138 2363 lectorem,
1161 2291 1256 2354 etiam
1278 2310 1318 2354 ec
1340 2287 1579 2373 comprobatur,

400 2392 487 2479 quod
517 2393 675 2478 primum,
710 2413 805 2477 quam
831 2391 883 2458 bic
912 2391 1068 2460 dictorum
1098 2391 1366 2480 dicendorumque
1393 2391 1582 2460 methodum

400 2505 542 2565 secutum
564 2518 598 2562 se
620 2517 690 2564 esse
712 2495 798 2574 dicit,
823 2517 862 2562 ea
882 2516 994 2582 parum
1016 2495 1111 2582 digna
1132 2495 1257 2562 ridetur
1279 2517 1348 2564 esse
1369 2504 1456 2562 tanto
1478 2495 1583 2583 philo-

400 2604 519 2690 sopho,
553 2600 608 2685 qui
628 2609 715 2666 recte
737 2604 895 2688 cernendi
908 2608 1009 2666 artem
1030 2602 1158 2687 egregie
1181 2607 1315 2668 teneret.
1359 2604 1439 2667 Nam
1461 2597 1583 2684 fingen-

390 2704 515 2772 dorum
531 2703 706 2770 carminum
726 2705 808 2772 ratio
829 2704 863 2770 in
885 2703 1092 2782 daemonum,
1123 2702 1257 2789 herbum
1277 2703 1505 2789 hominumque
1528 2726 1583 2788 ge-

400 2806 530 2876 neribus
567 2829 610 2874 ex
643 2806 755 2874 iisdem
786 2807 927 2884 fontibus
955 2829 992 2872 ac
1022 2809 1214 2895 praeceptis,
1249 2803 1417 2895 uirtutibus
1444 2807 1583 2892 quatuor

401 2910 629 2988 cardinalibus,
655 2913 757 2998 repeti
779 2909 885 2979 debet.

484 3015 607 3083 Deinde
627 3036 680 3082 res
701 3018 771 3102 ipsa
791 3024 884 3100 atque
906 3015 1022 3081 veritas
1043 3014 1117 3080 huic
1138 3014 1243 3082 ordini
1264 3013 1454 3100 refragatur.
1501 3017 1581 3079 Nam

395 3121 442 3188 -ad
469 3125 585 3187 heriles
613 3118 741 3204 quidem
769 3119 867 3184 multa
892 3117 1050 3202 pertinent
1079 3139 1160 3204 quae
1187 3118 1260 3186 inda
1295 3117 1334 3206 ab
1369 3118 1458 3184 initio
1494 3119 1582 3183 tertii

399 3224 475 3292 libri
489 3223 746 3310 praecipiuntur,
770 3222 813 3288 ita
833 3231 941 3290 tamen
960 3230 997 3288 ut
1017 3224 1050 3288 in
1071 3220 1462 3308 omnibusdisputaticnis
1484 3226 1583 3308 parti-

400 3327 460 3396 bus
489 3348 600 3394 eorum
626 3323 800 3412 aequaliter
825 3327 907 3392 ratio
928 3329 1101 3401 habeatur,
1130 3347 1235 3413 neque
1256 3327 1318 3403 ita,
1348 3332 1385 3392 ut
1405 3346 1504 3392 unum
1526 3325 1583 3392 ali·

402 3432 489 3518 quod
511 3430 731 3519 disputationis
753 3438 847 3517 caput
860 3434 974 3496 herbas
988 3430 1158 3517 praecipue
1173 3438 1304 3516 spectet.
1349 3433 1470 3496 Eodem
1485 3428 1584 3496 modo

352 3617 354 3622 Ι
400 3557 436 3604 se
457 3557 509 3602 res
531 3534 722 3602 habetcum
743 3532 951 3601 daemonibus
972 3555 1010 3600 ac
1031 3533 1109 3611 diis,
1140 3538 1181 3600 de
1210 3531 1324 3619 quibus
1352 3533 1528 3618 aequaliter
1548 3533 1583 3598 in

401 3639 550 3708 omnibus
580 3638 802 3722 disputationis
828 3636 971 3724 partibus
998 3639 1110 3723 agitur.
1153 3641 1197 3704 hc
1223 3644 1321 3703 recta.
1366 3637 1464 3702 Paulo
1490 3637 1585 3702 aliter

401 3765 435 3810 se
455 3765 509 3810 res
531 3740 628 3810 habet
649 3762 721 3810 carm
741 3741 781 3808 iis
803 3763 885 3826 quae
907 3741 946 3807 de
968 3739 1079 3806 inieris
1100 3744 1286 3818 traduntur,
1315 3759 1395 3826 quae
1422 3739 1512 3806 Plato
1539 3738 1583 3805 τὰ

399 3838 570 3914 ἐνἍιόου
592 3847 745 3912 nominat.
790 3847 868 3910 Nam
890 3844 950 3910 nisi
973 3844 1141 3930 diligenter
1162 3843 1351 3920 attenderis,
1374 3841 1468 3910 facile
1489 3841 1585 3910 indu-

401 3951 484 4016 caris
506 3948 540 4016 in
562 3947 762 4036 opinionem,
784 3969 882 4014 unum
904 3947 1032 4033 aliquod
1053 3947 1272 4035 disputationis
1294 3953 1388 4032 capnt
1408 3945 1448 4012 dc
1469 3946 1583 4013 inferis

355 4127 360 4138 ,
400 4075 480 4122 csse.
516 4052 580 4119 Sed
601 4054 642 4118 cf.
666 4075 700 4138 p.
724 4055 797 4129 386,
818 4056 855 4118 A.
903 4053 943 4119 Τι’
965 4055 1000 4118 δὲ
1023 4047 1081 4133 ὂὴς
1104 4049 1135 4118 εἰ
1149 4055 1325 4139 μέλλουσιν
1339 4041 1426 4117 εἶναι’
1437 4045 1584 4136 ἀνδρεῖοι

399 4185 430 4228 κ.
452 4183 480 4226 r.
502 4158 526 4224 ἑ.
568 4155 665 4226 Vides
687 4156 784 4240 igitur
805 4177 899 4242 quam
921 4154 1032 4222 callide
1053 4155 1162 4232 Plato,
1192 4153 1271 4221 lalsa
1291 4151 1379 4223 reris
1399 4154 1582 4229 miscendo,

398 4283 578 4332 sermonem
600 4265 643 4328 ita
663 4260 849 4339 instituerit,
871 4269 906 4328 ut
927 4258 967 4330 de
989 4257 1068 4338 diis,
1092 4256 1318 4339 daemonibus,
1339 4261 1509 4338 heroibus,
1532 4255 1583 4326 iu·
