3344 5234
583 409 793 474 ..11-

102 570 243 636 venisset
264 571 305 634 ad
328 567 499 652 Cephalum
521 569 712 654 locupletem
734 576 767 634 et
786 567 933 634 festivum
954 587 1075 644 senem,
1098 573 1203 654 qaroad
1217 573 1283 654 pri-

101 693 173 738 mus
203 673 261 738 ille
289 693 395 738 sermo
416 676 605 747 haberetur,
643 675 732 738 adest
752 675 785 737 in
809 675 1132 755 disputando.seneu;
1167 676 1282 742 deinde

102 797 201 860 quum
223 777 292 862 ipse
306 794 441 861 unoque
464 777 718 846 commodissime
740 778 864 840 locutus
885 784 980 851 esset,
1005 779 1045 842 ad
1061 793 1128 844 rem
1142 780 1280 846 divinem

101 879 179 946 dicit
200 899 235 944 se
258 879 341 946 velle
362 883 539 955 discedere,
566 901 670 964 neque
692 888 803 962 postea
825 881 1007 944 revertitur.
1054 882 1156 946 Credo
1178 883 1283 946 Plato·

100 1005 174 1050 nem
197 985 254 1050 vix
275 992 401 1069 putasse
423 986 504 1048 satis‘
519 1003 694 1049 consonum
716 981 801 1058 fere,
830 984 857 1048 si
879 984 1039 1048 homiuem
1061 985 1095 1048 id
1116 987 1230 1050 astatis
1248 987 1283 1051 in

101 1095 165 1152 tam
189 1090 286 1172 longo
309 1107 455 1152 sermone
477 1089 594 1152 diutins
615 1088 833 1152 retinuissetis
877 1087 995 1153 Verum
1016 1088 1135 1152 vidisse
1156 1088 1282 1156 Cicero-

100 1211 174 1256 nem
198 1193 254 1256 vix
277 1194 355 1256 mihi
379 1193 599 1276 persuaserim.
646 1194 724 1254 Nam
752 1189 847 1272 paulu
875 1197 949 1278 ante
976 1190 1134 1274 Cephalus
1155 1195 1283 1258 dixerat

103 1290 142 1371 ὡς
165 1280 201 1360 eal
223 1296 321 1374 thur,
351 1287 403 1360 ὅτι
422 1291 533 1381 ἐ’μοιγο
555 1285 635 1359 ὅσον
655 1298 691 1359 αἱ
713 1290 813 1360 ἄλλαι
836 1297 872 1358 αἱ
889 1290 1028 1360 κατὰτὸ
1044 1296 1138 1380 σιῖμα
1162 1290 1280 1374 ἡδοναὶ

102 1393 401 1485 ἀπομαραίνονται,
427 1397 587 1464 τοσοῦτον
606 1394 763 1478 αὔξονται
778 1400 813 1461 αἱ
832 1401 906 1483 περὶ
926 1393 1002 1473 τοὺς
1019 1393 1138 1482 λόγους
1158 1400 1280 1464 ἐπιθυ·

102 1503 173 1588 μίαν
194 1525 231 1567 τε
253 1506 310 1566 καὶ
328 1496 453 1580 ἡδοναί.
476 1521 506 1585 p.
529 1504 603 1577 328,
627 1505 666 1566 D.
712 1503 768 1566 llis
790 1503 888 1566 addas
910 1502 995 1584 quud
1018 1504 1189 1568 secuudum
1211 1501 1281 1566 Pla-

104 1613 208 1670 tenem
232 1605 375 1670 seniores
397 1605 535 1670 maxime
557 1607 642 1670 cirea
663 1605 896 1688 philosophiam
919 1606 1038 1674 versari
1068 1608 1201 1683 debent;
1236 1604 1277 1673 ef.

105 1708 153 1773 lib.
179 1712 237 1784 v1,
261 1709 335 1784 laCC,
359 1712 396 1772 B.
422 1710 457 1774 C.
480 1711 549 1784 Vll,
574 1731 607 1791 p.
632 1712 705 1784 atu,
729 1711 767 1772 A.
783 1712 821 1772 Β.
858 1709 993 1774 Videtur
1015 1710 1109 1793 igitur
1130 1712 1170 1774 de
1192 1711 1281 1774 iusti·

106 1814 141 1876 tia
156 1833 196 1876 ac
210 1813 330 1897 pietate
346 1814 502 1880 dictorum
518 1814 787 1895 dicendorumque
804 1812 980 1887 veritatem,
1004 1815 1066 1876 hec
1079 1814 1154 1878 iusti
1170 1815 1280 1898 piique

103 1917 183 1980 senis
207 1915 358 1998 exemplu
380 1919 588 2000 comprobare
609 1918 747 1980 voluisse
770 1916 868 1992 Plato,
896 1918 1162 1999 quemadmodum
1185 1919 1280 1982 etium

101 2021 130 2085 in
151 2021 325 2084 Phaedone
354 2021 393 2084 iis
422 2041 504 2104 quae
532 2022 584 2084 de.
600 2021 777 2086 animorum
798 2022 1036 2086 immortalitate
1059 2023 1277 2104 disputentur,

102 2125 189 2208 quasi
220 2122 380 2188 cumulum
411 2126 562 2188 accedere
590 2133 676 2190 recte
703 2125 844 2188 iudicant
865 2125 1004 2190 Socratis
1026 2143 1210 2208 personam,
1248 2131 1281 2190 et

102 2228 193 2294 simul
226 2228 377 2302 innuere,
412 2229 533 2310 primae
562 2229 651 2312 qnasi
676 2247 792 2292 scenae
818 2229 911 2292 huius
933 2230 1088 2310 prooemii
1111 2227 1161 2293 hic
1183 2226 1280 2300 linem

101 2352 180 2396 esse.
231 2332 276 2394 lta
305 2333 373 2413 ipsa
401 2353 438 2394 ea
466 2351 546 2415 qnae
574 2334 677 2396 adhuc
698 2339 789 2396 extre
810 2351 878 2416 repr
899 2332 1000 2414 posita
1022 2352 1093 2398 esee
1114 2333 1276 2408 videntur,

100 2437 199 2519 ipsius
223 2437 376 2500 reihand
399 2437 628 2501 contemnenda
651 2455 723 2519 pars
745 2441 827 2498 sunt.

183 2542 334 2604 Fortasse
367 2539 437 2622 quis
467 2545 598 2622 quaerat
627 2540 688 2603 hoc
723 2538 812 2613 luco,
851 2559 908 2602 cur
936 2559 999 2602 nun
1027 2540 1059 2602 in
1088 2541 1279 2607 invenienda

100 2645 237 2708 institiae
270 2640 454 2707 definitione
491 2644 607 2726 dialogi
636 2640 729 2706 finem
760 2643 898 2725 positum
927 2663 996 2707 esse
1022 2646 1195 2728 putandum
1217 2647 1278 2710 sit?

100 2750 207 2812 Fuisse
236 2747 354 2812 multos
380 2747 550 2829 antiquitus
576 2747 617 2810 in*
638 2767 674 2810 ea
704 2748 860 2812 sententia
883 2746 1203 2830 dialogi‘inscriptiu,
1237 2750 1278 2813 de

101 2871 161 2934 qna
182 2869 281 2935 supra
302 2851 458 2924 diximus,
484 2848 632 2914 declarat.
678 2853 742 2914 Nee
764 2851 899 2925 iniuria,
923 2851 1039 2916 sirem
1060 2858 1097 2914 ut
1117 2851 1279 2936 preposita

101 2962 157 3029 est,
181 2956 217 3018 in
240 2951 367 3036 dialogo
387 2953 531 3036 accipere
552 2972 677 3038 semper
695 2952 814 3018 liceret.
858 2955 964 3019 ¹Hodie
984 2975 1046 3018 ιιοιι
1063 2956 1097 3018 ic
1113 2957 1279 3023 cenchre

102 3056 218 3139 dialogi
240 3054 333 3120 tinem
355 3056 475 3121 versari
497 3055 622 3129 volunt,
653 3059 800 3140 qnoniam
823 3056 902 3122 eliae
923 3057 1123 3142 quaestiones
1144 3077 1279 3142 sequau-

101 3169 150 3226 tur
170 3163 349 3242 graviores,
373 3169 405 3224 et
426 3163 511 3245 quud
533 3179 627 3226 sanae
644 3159 759 3224 rationi
775 3169 1026 3245 repugnaturum
1039 3160 1090 3236 sit,
1116 3161 1278 3246 scripsisse

101 3263 259 3330 Platonem
282 3271 400 3327 tantum
423 3283 521 3347 opus,
545 3253 680 3328 institiae
702 3263 905 3350 explicandae
926 3263 1044 3346 gratia,
1067 3263 1152 3350 quud
1176 3263 1275 3332 multu

101 3364 228 3433 brevius
251 3363 319 3430 fieri
340 3368 489 3450 potuerit.
536 3371 569 3432 id
593 3377 698 3434 nutem
720 3368 850 3434 concedi
872 3366 978 3445 dehet,
1001 3371 1063 3436 huc
1079 3367 1188 3434 saltem
1202 3368 1275 3434 luce

100 3475 240 3538 nundum
262 3469 432 3557 quidquam
454 3468 539 3536 uliud
561 3475 683 3557 quaeri.

552 3723 736 3790 SEG'I'10
768 3725 827 3786 11.

181 3881 404 3950 Pclemarchus
426 3885 596 3952 Simonidis
618 3887 803 3952 auctoritate
818 3886 955 3952 institiae
969 3883 1181 3952 definitionem
1198 3907 1278 3973 qua-

97 3987 157 4054 lem
180 3986 325 4072 accipere
348 3987 513 4054 videbatur
536 3987 706 4076 Cephalus,
738 3982 789 4056 ὅοι
817 3987 854 4056 τὸ
881 3987 923 4054 τὰ
946 3983 1145 4079 ὀφειλόμενα
1161 3985 1274 4081 decep

98 4085 296 4157 ἀποδιδόναι
314 4087 443 4158 δίκαιον
465 4094 531 4174 ἐςι,
561 4099 677 4158 tuetur.
725 4093 837 4160 Variae
859 4092 1007 4178 deinceps
1029 4113 1047 4156 a
1069 4093 1273 4160 Polemarcho

98 4201 319 4280 proponuntur
340 4196 510 4262 sententiae
533 4194 572 4262 de
593 4196 687 4262 huius
709 4196 795 4262 effati
816 4217 927 4272 seusu,
963 4216 1073 4262 omues
1102 4205 1205 4264 tumen
1231 4217 1276 4264 ex

99 4297 209 4366 eudem
232 4298 323 4386 quasi
342 4297 428 4365 fonte
449 4298 629 4387 profectae,
664 4299 750 4388 quod
771 4301 811 4368 sit
832 4301 950 4368 iustum
972 4305 1124 4388 prodesse
1146 4300 1272 4382 amicis,
