3298 5232
873 369 1105 435 -158-

390 531 470 594 lreee
498 529 606 594 omnia
636 525 840 595 institute-ex
860 527 975 594 eudem
998 531 1099 615 capite
1121 530 1310 618 repetenda,
1339 561 1382 578 -··
1410 531 1439 594 si
1468 533 1572 594 autem

391 630 425 696 id
448 632 551 697 estin
573 631 698 698 civitate
718 634 834 719 ‘operis
859 631 955 698 tinem
975 633 1114 716 positum
1136 653 1206 700 esse
1228 630 1413 717 intelligitur
1433 665 1477 680 -
1500 629 1575 717 qnid

391 734 543 801 attinebat
568 739 629 800 hoe
657 735 729 803 loco
754 734 879 802 dicere:
906 727 1053 802 Ἔπιτοιι
1074 733 1178 824 νόμος
1199 742 1256 803 καὶ
1283 741 1353 814 τοῖς
1380 735 1576 826 ἔμπροσθεν

391 844 461 916 τοῖς
482 837 607 918 ἀλλοις,
630 834 674 918 ἀς
695 840 829 932 ἐγῷμαι,
852 832 928 906 ὅδολ
959 839 1021 906 Sed
1034 859 1219 927 pergamus:
1243 835 1350 917 Πολὺ,
1376 837 1575 932 ἔφητοῦτο

297 1012 302 1032 l
391 940 512 1010 ἐκείνου
531 946 640 1030 μεῖζον
658 940 740 1033 πρὸς
760 939 918 1011 ἀπιστίαν
936 949 991 1010 καλ
1010 945 1070 1012 τοῦ
1086 945 1231 1011 δυνατοῦ
1253 945 1328 1032 πέρι
1342 946 1399 1008 καὶ
1414 942 1475 1008 τοῦ
1492 936 1576 1032 ἀφε-

391 1047 498 1134 λίμον.
539 1042 606 1114 oin
629 1037 734 1135 οἶμαι,
755 1033 797 1129 ἦν
819 1042 850 1114 δ’
876 1044 953 1134 ἐγὼ,
975 1049 1047 1137 περί
1069 1073 1105 1132 ye
1128 1049 1187 1113 τοῦ
1210 1042 1378 1140 ὠφελίμου
1400 1039 1577 1137 ἀμφισβη-

390 1153 529 1217 ττίσθαι
556 1146 613 1230 άν,
643 1145 686 1228 ὡς
714 1145 752 1217 οῦ
779 1153 935 1270 μέγιστον
957 1147 1096 1237 ἀγαθὸν
1118 1147 1231 1228 κοινάς
1251 1156 1312 1238 μέν
1334 1146 1393 1227 τάς
1414 1153 1576 1232 γυναῖκας

390 1243 490 1328 εἶναι,
521 1251 652 1331 κοινυῦς
681 1257 716 1320 δὲ
746 1251 822 1331 τοῦς
843 1257 982 1335 παῖδας,
1012 1257 1099 1344 εἴπερ
1124 1247 1194 1320 οἷόν
1217 1273 1263 1320 τι·
1288 1248 1358 1319 ἀλλ
1384 1243 1481 1339 οἶμαι
1504 1256 1575 1336 περί

390 1357 450 1423 τοῦ
472 1377 499 1423 ει
494 1351 705 1424 ’δυνατὸνά
678 1383 705 1438 η
726 1355 772 1480 μὴ
794 1358 948 1439 πλείστην
968 1352 1221 1480 ἀμφισβήτησιν
1242 1359 1405 1443 γενεσθαι
1412 1354 1446 1442 )
1491 1359 1575 1456 Περὶ

391 1455 604 1552 ἀμφοτέρων,
627 1448 738 1542 ἧδ’(
728 1455 782 1540 άς
805 1459 839 1528 τά
853 1457 998 1548 μάλα’
976 1485 1018 1528 αν
1039 1456 1333 1584 άμφισβητηθεὶη.
1361 1463 1513 1586 sliyete,³
1536 1457 1574 1540 ἠν

391 1561 422 1630 δ’
448 1561 526 1650 ἐμά,
557 1559 663 1651 λόγων
689 1560 869 1631 σῦστασιν·
899 1561 961 1650 ἐγὼ
990 1560 1020 1630 δ’
1046 1561 1138 1656 ὤμην
1160 1564 1194 1630 ἔκ
1215 1561 1333 1650 γετοῦ
1354 1563 1469 1652 ἑτέρου
1493 1557 1572 1628 ἀπο-

391 1663 602 1754 δράσεσθαι,
633 1669 668 1734 εἴ
690 1691 743 1734 σοι
771 1664 892 1750 δόξειεν
920 1664 1087 1760 ὠφέλιμον
1115 1657 1213 1747 εἶναι,
1246 1661 1363 1732 λοιπὸν
1392 1669 1428 1732 δὲ
1450 1661 1494 1746 δά
1516 1691 1571 1752 μοι

390 1771 534 1840 ἔσεσθαι
554 1776 630 1862 περὶ
651 1772 711 1838 τοῦ
732 1771 877 1838 δυνατοῦ
898 1776 953 1836 καί
974 1766 1031 1858 μή.
1069 1766 1162 1838 '’All
1186 1766 1245 1837 οῦκ
1267 1769 1402 1849 ἔλαθες,
1424 1756 1538 1851 ἧδ’ι
1527 1795 1569 1849 ος,

390 1870 664 1965 ἀποδιδράσκων·
697 1870 810 1942 ἀλλ”
791 1877 990 1967 ἀμφοτέρων
1019 1877 1093 1964 πέρι
1123 1874 1216 1941 δίδου
1238 1867 1348 1959 λόγον.
1387 1868 1570 1966 Ὑιμικτέον,

391 1967 430 2060 ἦν
452 1975 484 2046 δ’
509 1976 587 2064 ἐγὼ,
610 1979 710 2060 δίκην.
733 1975 868 2045 τοσόνδε
888 1981 1001 2065 μέντοι
1019 1971 1159 2067 χάρισαί
1179 1996 1251 2064 μοι·
1275 1969 1375 2044 ἔασόν
1395 2001 1437 2062 με
1459 1971 1570 2062 ἑορτά-

391 2106 466 2162 σαι,
500 2073 607 2172 ὥσπερ
636 2085 667 2148 σί
696 2078 793 2171 άργολ
826 2079 886 2163 τὴν
917 2074 1070 2148 διάνοιαν
1100 2075 1266 2148 σίωθασιν
1298 2076 1533 2147 ἑστιᾶσθαι(
1517 2075 1567 2172 υηί

392 2185 527 2266 ἑαυτῶν,
550 2176 633 2252 ὅταν
652 2179 752 2273 μόνω
772 2179 1002 2307 πορεύωνται.
1013 2189 1069 2252 καί
1090 2181 1155 2273 γάρ
1178 2188 1209 2250 ol
1231 2183 1377 2250 τοιοῦτοί
1398 2207 1475 2264 που,
1498 2189 1570 2273 πρίν

391 2289 543 2380 ἐξευρεῖν,
567 2289 639 2356 τίνοι
661 2283 784 2379 τρόπον
806 2288 900 2355 ἐσται
923 2313 954 2354 τι
977 2277 1021 2355 ὧν
1042 2289 1259 2374 ἐπιθυμοῦσι,
1286 2288 1384 2354 τοῦτο
1406 2290 1569 2372 παρέντες,

391 2389 446 2462 ἵνα
465 2391 522 2513 μὴ
534 2387 683 2481 κάμνωσι
704 2387 936 2479 βουλευόμενοι
958 2393 1111 2479 περὶτοῦ
1133 2393 1277 2459 δυνατοῦ
1298 2395 1355 2457 καί
1375 2386 1433 2478 μὴ,
1455 2393 1570 2468 θέντες

392 2492 435 2576 ὡς
457 2492 605 2586 ὑπάρχον
627 2487 708 2564 εἶναι
732 2521 757 2562 ο
746 2488 969 2620 βούλονται,
996 2492 1059 2578 ἤδη
1088 2492 1132 2560 τά
1153 2492 1254 2562 λοιπά
1276 2489 1497 2562 διατάττουσι
1519 2499 1570 2560 καὶ

388 2602 545 2693 χαίρουσι
567 2596 754 2683 διεξιόντες,
784 2593 839 2666 οἶα
861 2591 1024 2690 δράσουσι
1045 2601 1236 2685 γενομένου,
1262 2593 1366 2721 ἀργὸν
1388 2603 1445 2665 καὶ
1467 2595 1571 2678 άλλως

391 2701 503 2799 ψυχὴν
531 2704 580 2771 ἔτι
606 2701 789 2794 ἀργοτέραν
811 2705 989 2781 ποιοῦντες.
1017 2699 1079 2784 ἤδη
1109 2689 1168 2770 οῦν
1195 2707 1251 2768 και
1274 2698 1375 2780 αῦτσς
1396 2702 1572 2789 μαλθακί·

392 2809 491 2895 ζομαι
513 2812 569 2874 καὶ
591 2808 695 2874 ἐκεῖνα
721 2814 781 2895 μὲν
806 2808 961 2893 ἐπιθυμῶ
984 2801 1224 2892 ἀναβαλέσθαι
1255 2811 1310 2873 καὶ
1338 2798 1478 2892 ὕστερον
1506 2807 1572 2872 ἐπι·

393 2900 648 3006 σκέψασθαι,
628 2937 648 2992 η
671 2907 807 2990 δυνατά,
828 2911 886 2977 νῦν
904 2903 976 2976 δὲ
955 2935 998 2987 ως
1013 2906 1195 2977 δυνατῦν”
1175 2923 1279 2977 οντων
1297 2910 1374 2987 θείς
1390 2913 1570 3002 σκέψομαι,

392 3011 435 3084 έίν
455 3015 672 3109 μοι’παρίης,
686 3015 766 3092 πῶς
795 3008 1008 3094 διατάξουσιν
1037 3009 1124 3081 αῦτά
1146 3016 1178 3080 σί
1200 3010 1355 3102 άρχοντος
1376 3009 1570 3100 γιγνόμενα,

391 3126 447 3187 καὶ
468 3111 521 3186 ὅτι
543 3115 673 3187 πάντων
693 3112 922 3211 ξυμφορώταέ
947 3112 989 3184 ἀν
1009 3118 1058 3199 οἴη
1076 3120 1275 3208 πραχθέντα
1297 3117 1336 3212 τῇ
1358 3139 1392 3182 τε
1407 3111 1503 3183 πόλει
1517 3122 1571 3183 καὶ

391 3228 462 3302 τοῖς
483 3219 615 3314 φύλαξι.
637 3223 744 3288 ταῦτα
765 3217 966 3308 πειράσομαί
987 3241 1042 3287 σοι
1063 3216 1209 3312 πρότερα
1234 3223 1570 3300 συνδιασκοπεῖσθαι,

391 3319 513 3418 ίίστερα
535 3322 566 3394 δ
590 3327 705 3405 ἐκεῖνα,
726 3325 814 3414 εἴπερ
837 3326 969 3414 παρίης.
1007 3319 1114 3391 Ἀλλά
1137 3323 1288 3415 παρίημι,
1311 3323 1394 3418 ἔφη,
1416 3328 1473 3389 καί
1496 3319 1571 3390 σκό-

391 3455 456 3499 πιι.
502 3432 547 3500 Cf.
567 3451 599 3517 p.
623 3430 697 3494 1057.
722 3430 757 3492 C.
783 3429 827 3492 St
871 3429 960 3505 Quae
988 3426 1050 3493 hoe
1077 3427 1148 3494 Ισοο
1171 3431 1312 3515 elingere
1334 3447 1369 3494 se
1390 3427 1473 3494 velle
1495 3426 1570 3493 dicit

392 3535 546 3612 socrates,
569 3553 608 3600 ea
629 3536 669 3598 ed
690 3551 869 3598 sermonem
890 3531 942 3598 vel
963 3533 1101 3598 maxime
1122 3532 1283 3619 pertinere
1304 3530 1397 3598 saeile
1422 3531 1571 3616 intelligi-

390 3647 453 3705 tur.
492 3639 739 3706 considerentur
751 3638 804 3702 vel
817 3639 896 3702 haec
910 3643 1049 3701 tantum:
1072 3632 1213 3703 ruoduie
1221 3639 1332 3725 μέντοι
1345 3633 1487 3725 χάρισαί
1499 3653 1568 3722 μοι·

391 3733 491 3811 έασὸν
501 3765 540 3830 μι
553 3736 721 3834 ἑορτάσαι,
746 3731 852 3830 ίίσπιρ
869 3744 903 3834 σί
913 3735 1011 3831 ἀργοὶ
1025 3737 1084 3821 τὴν
1105 3735 1259 3808 διάνοιαν
1280 3734 1446 3808 ἐιοίθασιν
1462 3738 1570 3806 ἑστιά-

393 3901 712 3920 w

418 3993 420 4000 ¹
464 4008 487 4080 'l
520 4011 558 4064 Er
582 4011 632 4063 hee
656 4015 729 4062 tante
754 4021 817 4060 eure
836 4019 890 4072 que
914 3983 1036 4060 Serretes
1055 4005 1190 4070 possibilie
1209 3999 1267 4060 esse
1286 3985 1453 4070 διακέοιντο
1474 4007 1568 4070 tradit,

395 4099 610 4157 concludendum
638 4093 920 4158 esse'erlstimnmus‚
945 4110 998 4148 non
1018 4097 1136 4161 spectem
1156 4094 1271 4160 utiquam
1291 4095 1426 4161 perfectae
1446 4099 1567 4155 civitatis,

392 4206 462 4260 quae
481 4198 571 4244 temen
591 4190 649 4242 fieri
667 4197 721 4241 non
740 4190 833 4252 possit,
853 4201 914 4240 eum
933 4189 1050 4239 luuttttee
1069 4185 1240 4238 illustrandae
1261 4199 1340 4239 σιιιιι
1359 4186 1504 4249 delineare,
1524 4183 1569 4238 sed

392 4285 426 4338 ιδ
444 4283 578 4340 etrttuen
596 4281 655 4335 etue
674 4281 821 4333 ortttunenr
838 4282 983 4344 pertinere.
1021 4276 1063 4332 Gt.
1079 4275 1113 4330 u.
1131 4277 1160 4329 Β.
1181 4275 1327 4330 nermrnu.
1342 4275 1360 4328 t.
1376 4277 1393 4329 Ι.
1408 4289 1436 4340 n.
1450 4276 1494 4328 tt.
1508 4289 1566 4342 ιηη.
