3312 5238
564 411 830 480 -1tt-·

84 561 170 637 όταν
200 575 262 658 μὲν
293 566 332 638 τὸ
357 573 491 658 βέλτιον
524 565 623 664 φύσει
653 572 714 639 τού
739 571 887 661 χείρονος
913 562 1067 660 ἐγχρατίς
1093 555 1135 652 ἦ,
1166 566 1265 636 τούτο

82 677 189 759 λέγειν
215 671 254 741 τό
284 675 417 762 κρείττω
447 670 566 741 αὑτοῦ·
599 677 727 742 ἐπαινεῖ
751 676 847 764 γοῦν·
877 664 958 742 όταν
987 676 1023 741 δὲ
1048 667 1115 740 ὑπὸ
1136 673 1265 765 τροφῆς

80 777 190 858 κακῆς
218 773 240 858 ἤ
271 801 361 856 τινος
393 771 524 865 ὁμιλίας
542 779 714 872 ’κρατηθῇ
745 774 809 845 ὑπὸ
839 773 996 860 πλήθους
1023 776 1087 844 τοῦ
1111 776 1265 868 τχείρονος

81 875 361 972 σμικρότερον·τό
382 883 514 967 βέλτιον
535 877 583 963 tv,
606 883 704 948 τοῦτο
726 884 761 948 δὲ
784 877 826 960 ὡς
847 884 881 950 ίν
902 877 1017 950 ὀνείδει
1030 883 1146 975 ψέγειν
1159 881 1265 946 τεκαὶ

80 988 196 1052 καλεῖν
223 975 309 1066 ἥττω
330 983 450 1052 ίαντού
472 990 527 1051 καὶ
549 979 738 1053 ἀκόλαστον
759 981 817 1052 τὸν
838 977 924 1052 ούτω
946 984 1158 1070 διακείμενον.
1190 984 1267 1049 Καὶ

78 1085 148 1178 γὰρ
173 1083 289 1168 ἔοικεν,
312 1087 387 1180 ἔφη.
432 1088 476 1158 Cf.
498 1109 529 1174 p.
551 1091 625 1154 430.
650 1092 685 1156 Ε.
730 1088 811 1154 Satis
832 1088 1023 1156 luculentum
1042 1091 1264 1172 argumentum

78 1211 142 1277 pro
175 1189 309 1258 veritate
333 1198 461 1264 nostrae
487 1191 679 1270 sententiae,
701 1211 770 1258 non
789 1194 899 1278 quaeri
920 1194 1052 1259 virtutes
1074 1193 1107 1258 in
1129 1189 1265 1271 civitate,

79 1293 144 1359 hoe
174 1315 245 1360 esse
273 1291 384 1371 debet,
420 1298 508 1380 quod
534 1293 576 1361 ita
603 1296 691 1361 Piato
718 1290 937 1388 σωφροσύνην
957 1293 1128 1360 ‘exanimi
1155 1300 1267 1368 natura

76 1397 215 1482 repetit.
260 1401 339 1462 Nam
358 1397 518 1481 'explicata
539 1397 682 1474 demam,
703 1397 791 1484 quod
812 1397 875 1465 hoc
896 1403 967 1466 loeo
988 1400 1105 1463 saetam
1127 1405 1198 1474 est,
1224 1413 1266 1464 ex

78 1503 182 1566 animi
204 1507 287 1568 statu
309 1508 342 1566 et
363 1499 544 1567 conditione
566 1503 792 1589 temperantiae
813 1506 845 1568 vi
868 1511 900 1569 et
920 1511 1047 1578 natura,
1079 1500 1195 1568 docere
1216 1501 1265 1566 in-

78 1608 162 1692 cipit
184 1610 317 1674 eandem
339 1607 433 1672 etiam
454 1607 488 1673 in
509 1605 636 1672 civitate
657 1605 806 1672 inveniri.
852 1609 971 1672 Tamen
991 1625 1072 1673 vero
1094 1605 1266 1672 boeotiam

77 1713 156 1778 Ιοοο
181 1731 253 1778 rem
281 1729 362 1776 vere
385 1711 428 1776 ita
451 1731 521 1776 esee
543 1729 609 1774 non
630 1707 721 1774 facile
743 1709 869 1775 sentias.
912 1713 991 1776 Nam
1014 1729 1110 1795 quum
1133 1709 1166 1775 in
1188 1705 1265 1775 civi·

77 1823 147 1882 tate
170 1832 327 1902 quaerere
348 1813 430 1880 veile
458 1811 620 1879 videretur
647 1807 878 1904 σωφροσύνην,
909 1846 951 1860 -
980 1833 1038 1879 eur
1066 1812 1150 1879 enim
1179 1810 1267 1897 quoti

79 1923 122 1984 de
144 1917 263 1984 iustitia
285 1918 379 1983 toties
401 1915 626 1991 affirmaverat,
651 1923 682 1980 et
702 1915 789 2000 ‘quod
810 1917 846 1980 in
865 1915 1019 2018 sapientia
1033 1925 1064 1982 et
1077 1915 1263 1982 fertitudine

78 2025 197 2088 fecisse
217 2019 401 2098 videbatur,
421 2040 496 2087 non
517 2019 634 2085 idem'
623 2041 658 2085 in
677 2019 884 2106 temperantia
905 2010 1178 2106 sequeretnrt-
1136 2036 1265 2086 -non

79 2125 352 2192 animadvertente
380 2142 540 2210 quoquam
564 2122 607 2190 ad
628 2123 768 2190 animum
789 2122 895 2189 rediit.
941 2125 1020 2201 Quis
1043 2126 1126 2190 enim
1148 2126 1267 2209 cogitet

78 2251 168 2307 eum,
193 2250 293 2316 quum
314 2227 467 2294 vocabula
488 2228 641 2317 κρείττων
663 2223 768 2294 αὑτοῦ
790 2235 821 2294 et
836 2219 941 2308 ἥττων
958 2223 1062 2296 αύτου
1047 2227 1261 2313 explicaret,

81 2326 304 2427 σωφροσύνην
331 2352 373 2398 ex
401 2333 473 2416 ipso
500 2335 650 2417 repetere
678 2331 805 2465 animet
844 2325 1030 2468 Ἀπόβλεπε
1064 2333 1191 2413 τοίνυν,
1223 2328 1265 2412 ἠν

81 2543 195 2629 ἕτερον
223 2533 362 2605 τούτων
376 2531 457 2606 ε’νόν
487 2538 620 2628 κρείττω
649 2535 713 2629 γὰρ
743 2534 847 2620 αὐτὴν
868 2529 970 2619 αύτῆς
991 2538 1124 2616 δικαίως
1146 2533 1265 2631 φύσεις

80 2636 402 2734 προσαγορεύεσθαι
410 2675 433 2723 ,’
455 2642 543 2732 εἴπερ
577 2631 616 2708 οὗ
648 2638 687 2708 τό
721 2637 853 2729 οίμεινον
886 2642 946 2708 τοῦ
975 2637 1170 2732 χείρονος’
1155 2637 1264 2729 υίρχει,

81 2747 220 2838 σῶφρον
241 2748 376 2826 κλητέον
397 2751 452 2812 καὶ
473 2749 620 2834 κρεῖττον
634 2739 748 2812 αύτού.
787 2739 881 2812 Ἀλλ’·
901 2739 1087 2832 ἀποβλέπω,
1111 2743 1185 2838 ἔφη,
1208 2747 1265 2810 καί

79 2845 202 2930 ἀληθῆ
225 2851 339 2934 λέγεις.
362 2843 394 2934 pss
416 2851 499 2924 tat,
522 2851 571 2914 Ba
600 2851 671 2914 iton
692 2847 848 2934 repetitur
868 2847 911 2916 ita
933 2868 975 2914 ex
996 2853 1121 2915 civitate
1143 2848 1264 2935 tempe

79 2955 205 3018 matiae
227 2951 317 3018 notio
339 2956 395 3018 sed
418 2947 602 3017 transfertur
623 2951 656 3017 in
678 2955 819 3022 eandem.
863 2953 934 3018 Καὶ
959 2948 1024 3038 μὴν
1053 2958 1108 3019 καὶ
1136 2947 1198 3029 τός
1224 2972 1262 3038 γε

78 3052 212 3134 πολλὰς
239 3061 294 3122 καὶ
319 3051 536 3134 παντοδαπὰς
557 3056 749 3144 -ίπιθνμίοις
776 3059 831 3122 καλ
860 3049 983 3137 ἡδονάς
1009 3077 1043 3121 τε
1072 3060 1128 3122 καί
1149 3049 1263 3131 ’λύπας

80 3163 112 3228 ἓν
134 3160 222 3226 πᾶσι
242 3154 435 3246 patrarat
412 3183 454 3225 αν
475 3180 525 3237 τις
547 3149 638 3244 εύροε
657 3163 714 3224 καλ
735 3159 862 3245 γυναιξὶ
883 3163 940 3226 καὶ
962 3155 1106 3236 οἰκέταις
1126 3159 1194 3225 καλ
1201 3157 1264 3226 τῶν

79 3249 268 3352 ἐλευθέρων
296 3260 476 3349 λεγομένων
504 3263 538 3330 ίν
519 3269 636 3340 ντοῑς
656 3265 799 3340 «τολλοις
827 3285 862 3328 τε
890 3267 946 3329 καλ
968 3256 1157 3356 φαύλοις.
1164 3255 1263 3328 Ποίνν

77 3375 141 3455 μὲν
162 3363 233 3432 ούν.
281 3363 351 3444 Τὰς
372 3369 408 3432 δέ
428 3391 464 3452 γε
486 3359 596 3443 διπλᾶς
616 3387 650 3431 τι
672 3371 729 3432 και
749 3366 900 3456 μετρίοις,
923 3365 969 3432 ai
957 3361 1023 3448 δὴ
1043 3360 1127 3453 μετὰ
1146 3363 1207 3432 νοῦ
1228 3377 1264 3430 τε

79 3475 136 3537 καλ
166 3465 263 3550 δόξης
289 3463 401 3558 ὀρθῆς
422 3463 611 3559 λογισμῷ
596 3463 750 3553 σίνονται,
782 3470 815 3535 ἐν
837 3464 961 3555 όλινοις
982 3493 1017 3535 τε
1040 3462 1198 3563 ἐπιτεύξη
1207 3471 1263 3535 καί

80 3577 152 3651 τοῖς
179 3574 340 3658 βέλτιστοι
364 3579 424 3657 μὲν
453 3572 550 3663 φῦσι,
580 3573 737 3656 βέλτιστα
760 3573 795 3637 δὲ
816 3569 1058 3640 παιδευθεῖσιν.
1102 3567 1262 3653 Ἀληθῆ,

79 3677 155 3770 ἔφη.
215 3674 342 3742 ornatu
371 3678 426 3740 καὶ
460 3675 567 3741 ταῦτα
600 3669 682 3765 ὁρᾷς
714 3672 829 3742 ἐνόντα
863 3675 916 3742 σοι
947 3677 981 3744 ἐν
1013 3675 1053 3770 τῇ
1081 3669 1174 3742 πόλει
1207 3677 1265 3741 καί

79 3781 310 3871 κρατουμένας
331 3773 461 3844 αὐτόθι
481 3775 542 3856 τὰς
557 3778 750 3865 ἐπιθυμίας,
774 3774 833 3857 τὰς
855 3781 888 3846 ίυ
909 3780 979 3857 τοϊς
999 3780 1135 3856 πολλοῖς
1156 3782 1261 3846 τεκαὶ

78 3879 246 3977 φαύλοις,
273 3875 339 3948 ύπό
367 3905 401 3948 τε
430 3880 493 3948 τῶν
511 3881 708 3969 ’ἐπιθυμιῶν
736 3886 792 3948 καὶ
819 3882 877 3964 τῆς
898 3877 1114 4004 φρονήσεως,
1133 3881 1200 3962 ’τῆς
1228 3883 1262 3949 ίν

79 3991 150 4065 τοῖς
174 3984 326 4052 ἐλαττοοί
352 3988 463 4052 τεκαὶ
489 3985 751 4069 ίπιεικεστίροιςς
778 3980 948 4070 ’Έγωγ”’,
929 4011 1004 4078 εφη.
1039 3979 1089 4051 Et
1104 3979 1188 4074 οίρο
1211 3987 1265 4052 ter

79 4087 156 4158 τινὰ
183 4083 281 4156 πόλιν
308 4082 565 4216 προσαγορεύειν
589 4088 729 4180 κρειττω
759 4081 884 4169 ηδονῶν
915 4107 954 4154 τε
982 4091 1038 4154 καὶ
1070 4086 1260 4174 ἐπιθυμιῶν
1320 4129 1321 4134 1

78 4198 134 4262 καὶ
156 4188 274 4274 αὐτὴν
283 4186 395 4272 αντῆς,
416 4197 470 4258 καλ
487 4185 616 4274 ταύτην
636 4193 849 4282 προσρητέον.
891 4186 1154 4258 Παντόπασιὲ
1114 4218 1138 4278 μ
1140 4177 1257 4272 troie,

78 4297 156 4394 ἔφη.
191 4283 266 4390 τἈρ
291 4281 350 4366 οὖν
371 4291 409 4364 ού
431 4300 487 4370 καί
509 4290 668 4388 σώφρονα
688 4292 775 4366 κατὰ
795 4288 908 4370 πάντα
912 4297 1041 4388 τούτοις
1062 4298 1136 4366 Καὶ
1151 4288 1255 4385 μάλα,
