3298 5232
888 411 928 430 -·
968 375 1034 446 tte
1083 419 1118 436 ..

412 531 593 627 δαιότεραι.
632 531 680 604 'Ac
707 536 785 610 mibi
810 538 938 622 quidem
963 559 1026 606 non
1050 537 1143 606 facile
1167 537 1243 627 quid
1261 521 1431 606 'sublimius
1449 529 1478 606 et
1494 544 1560 628 quod

410 643 513 726 magis
534 661 673 706 venerer
690 643 724 705 in
745 641 874 707 Platone
902 641 1004 708 videri
1024 641 1115 718 solet,
1143 663 1237 728 mam
1259 647 1321 708 boc
1347 643 1481 720 effatum,
1503 667 1559 732 quo,

412 744 536 812 etiamsi
556 749 600 810 ita
618 743 813 831 pbilosophis
833 744 948 810 iniuria
968 745 1122 831 quaedam
1141 745 1213 824 liat,
1245 747 1299 833 qul
1320 767 1340 812 a
1360 749 1560 834 persequendis
1609 775 1610 802 s

414 848 525 916 studiis
554 847 619 914 suis
645 855 830 924 arceantur,
858 851 963 932 legum
984 849 1115 915 latorem
1133 871 1197 916 non
1226 851 1259 916 id
1276 871 1401 920 curare
1425 851 1512 927 dicit,
1535 861 1561 916 ut

413 973 510 1020 unum
532 951 660 1036 aliquod
686 951 848 1016 bominum
871 973 969 1038 genus
992 954 1026 1016 in
1047 953 1221 1037 Republica
1241 957 1334 1020 beate
1354 954 1450 1030 vivat,
1475 954 1522 1019 scd
1535 963 1560 1020 ut

409 1057 515 1124 'omnis
544 1055 654 1120 civitas
684 1057 777 1120 beata
803 1057 865 1120 dici
891 1063 979 1121 recte
1007 1060 1119 1140 possit.
1164 1060 1313 1123 Potestne
1335 1057 1436 1122 maius
1457 1057 1561 1142 aliquod

411 1159 479 1226 dari
489 1167 725 1244 vermentone,
739 1181 803 1244 quo
815 1163 977 1246 probetur,
1001 1161 1107 1226 omnia
1125 1182 1206 1248 quae
1223 1164 1256 1225 in
1273 1165 1334 1225 boc
1349 1163 1474 1246 dialogo
1485 1161 1561 1226 disse-

410 1271 531 1336 rantur,
560 1265 691 1328 minima
716 1265 868 1341 maxima,
896 1263 998 1328 eidem
1023 1285 1092 1329 esse
1115 1263 1254 1330 subiecta
1275 1263 1351 1341 fini,
1378 1267 1481 1330 omnia
1500 1283 1561 1348 quac

411 1367 506 1444 dicat,
533 1373 634 1442 vetet,
659 1364 784 1442 iubeat,
813 1369 988 1432 edisserat?
1024 1367 1070 1432 ild
1099 1366 1325 1454 rempublicam
1347 1368 1445 1454 igitur
1469 1367 1561 1432 dobere

408 1470 590 1540 redundare
621 1476 727 1534 censet
756 1469 908 1556 quidquid
935 1472 1093 1536 commodi
1123 1493 1142 1536 a
1170 1469 1302 1555 singulis
1330 1475 1437 1558 parari
1467 1473 1559 1557 possit,

410 1583 443 1640 et
467 1573 592 1639 efficere
620 1571 737 1638 debere
766 1594 836 1638 eum
863 1576 917 1658 qui
943 1573 1101 1639 civitatem
1131 1577 1317 1651 constituat,
1356 1583 1392 1640 ut
1421 1573 1494 1640 tales
1518 1575 1561 1637 siri

410 1676 608 1764 reipublicae
628 1676 724 1742 insint
741 1696 804 1741 non
827 1694 865 1741 eo
892 1676 1034 1756 consilio,
1056 1686 1092 1742 ut
1115 1697 1373 1764 unumquemque
1397 1700 1431 1744 se
1455 1695 1561 1743 conver-

410 1787 479 1850 tere
508 1783 589 1846 sinat
614 1799 802 1868 quocunque
821 1780 916 1857 velit,
946 1783 997 1845 sed
1012 1789 1046 1844 ut
1069 1783 1132 1864 ipse
1155 1783 1197 1845 is‘s
1219 1789 1324 1846 ututur
1342 1784 1382 1846 sd
1402 1783 1561 1846 visendus

410 1888 572 1954 deitatem.
617 1889 700 1950 Num
722 1883 799 1970 quid
819 1884 881 1950 alio
903 1882 1006 1948 adbu'c
1027 1891 1213 1969 argumento
1233 1905 1313 1970 opus
1332 1905 1403 1950 esse
1420 1883 1560 1962 videbitur,

410 1989 549 2058 Platonis
573 1990 606 2052 in
632 1991 693 2052 boc
715 2007 814 2071 opere
841 1987 1005 2053 consilium
1031 2009 1096 2052 non
1119 2007 1187 2052 esse
1208 1987 1313 2053 virum
1336 1988 1453 2054 iustum
1471 2009 1521 2072 per
1539 2005 1561 2050 ss

412 2093 513 2160 solum
537 2093 731 2166 describere,
763 2110 859 2174 quum
885 2089 1067 2176 philosophi
1097 2111 1179 2178 quae
1207 2099 1318 2158 natura
1339 2111 1396 2158 sua
1423 2095 1452 2158 ei
1476 2090 1561 2158 afferat

363 2191 367 2205 '
412 2194 579 2262 commoda
601 2193 844 2280 felicitatemque
866 2201 928 2257 tam
949 2215 1060 2276 parum
1081 2202 1181 2271 curet,
1205 2204 1240 2260 ut
1262 2198 1336 2260 satis
1351 2216 1493 2281 magnam
1510 2213 1561 2279 par·

415 2309 497 2376 tem,
532 2299 665 2363 civitatis
692 2318 785 2362 cassa
809 2299 840 2361 ei
861 2296 1002 2372 auderat,
1040 2297 1215 2382 relictaque
1236 2298 1414 2364 studiorum
1439 2299 1560 2363 suavitate

411 2403 545 2470 civitatis
566 2399 727 2487 regendae
745 2401 887 2466 laborem
913 2408 1008 2486 atque
1032 2401 1207 2466 molestiam
1231 2423 1303 2468 cum
1327 2401 1436 2468 subire
1462 2399 1560 2466 iubeatt

410 2511 450 2574 Et
472 2516 582 2574 contra
603 2508 657 2570 vix
678 2507 806 2570 videtur
821 2502 957 2570 dubitari
972 2524 1080 2590 posse,
1110 2507 1187 2589 quin
1201 2508 1241 2570 ad
1257 2507 1417 2570 civitatem
1431 2507 1561 2593 pertineat

417 2611 519 2677 omnis
545 2609 647 2674 oratio
672 2611 757 2684 eius,
788 2630 884 2694 quum
915 2628 980 2673 non
1011 2609 1206 2694 singolorum
1236 2612 1292 2674 sed
1320 2610 1486 2674 universae
1508 2603 1562 2672 civi

414 2717 487 2780 tatis
508 2715 640 2780 salutem
657 2733 693 2777 sc
707 2721 849 2795 spectare
866 2712 959 2777 dicat.
1006 2710 1055 2776 Cl.
1075 2712 1129 2776 lib.
1154 2715 1205 2782 tv.
1228 2735 1260 2798 p.
1284 2713 1357 2776 tao.
1384 2715 1429 2778 St.
1454 2720 1483 2776 et
1501 2729 1560 2796 quae

412 2823 452 2885 ad
478 2839 551 2884 eom
577 2817 681 2881 locum
707 2815 790 2882 dicta
814 2823 896 2881 sunl.
921 2837 962 2862 -2-
984 2817 1131 2880 Fortasse
1155 2824 1260 2880 tamen
1283 2837 1417 2902 quaeras
1439 2815 1560 2900 quidsi,

413 2924 499 3010 quod
521 2919 609 2986 Plato
630 2918 835 3005 pbilosopbos
856 2919 1010 2985 maiorem
1032 2921 1114 2984 vitae
1136 2939 1211 2984 suae
1233 2927 1356 3006 partem
1379 2919 1487 2985 studiis
1506 2915 1560 2982 velit

412 3047 482 3092 esse
517 3022 659 3090 deditos?
711 3024 800 3088 Infra*
834 3021 1002 3088 docebitur
1034 3043 1129 3108 qnam
1159 3041 1232 3088 sero
1264 3023 1356 3088 liceat
1389 3019 1560 3110 philosophis

409 3137 493 3197 totos
511 3132 557 3194 'se
582 3130 657 3194 dare
680 3128 808 3202 studiis,
838 3135 1052 3212 quantumque
1077 3129 1228 3214 temporis
1252 3129 1388 3214 spatium
1410 3135 1495 3193 antea
1516 3121 1560 3188 rei·

409 3233 556 3324 publicae
581 3231 688 3296 dicare
713 3233 857 3299 debeant·
902 3231 964 3295 Cur
992 3251 1069 3295 vero
1102 3231 1203 3296 maius
1231 3234 1366 3318 spatium
1391 3233 1426 3296 in
1448 3228 1560 3314 ¹regenda

410 3337 573 3425 republica
595 3334 800 3422 philosophos
823 3335 944 3399 versari
966 3333 1042 3399 velit
1063 3354 1156 3420 mam
1176 3355 1256 3422 opus
1272 3344 1330 3411 est,
1359 3331 1560 3420 quosoivitatis

412 3437 676 3509 administrandae
702 3459 816 3504 munus
839 3445 933 3522 atque
963 3441 1126 3524 negotium
1150 3459 1208 3521 per
1232 3443 1318 3504 vices
1344 3439 1435 3504 obire
1462 3435 1559 3520 placetl

410 3551 490 3612 Nam
514 3549 576 3610 hoc
600 3564 698 3608 unum
726 3545 845 3608 iudicat
871 3541 1014 3619 efficere,
1052 3551 1088 3607 ut
1111 3541 1258 3607 civitates.
1274 3547 1355 3606 bene
1381 3547 1521 3626 regantur
1539 3539 1560 3597 el

408 3649 535 3716 'liberae
557 3647 619 3713 sint
638 3669 657 3712 a
677 3645 795 3723 turbis,
822 3647 849 3710 si
872 3655 1010 3712 rectores
1030 3667 1138 3711 earum
1164 3665 1227 3711 non
1253 3655 1364 3732 sponte
1384 3667 1441 3710 sua
1465 3645 1500 3708 ad
1521 3657 1560 3722 gt·

412 3749 582 3818 bernacula
606 3749 769 3824 accedant,
806 3749 861 3816 sed
882 3749 1018 3816 babeant
1041 3753 1127 3835 quod
1155 3753 1255 3836 pluris
1276 3747 1316 3814 ab
1338 3749 1378 3814 iis
1401 3747 1464 3816 fiat.
1500 3747 1559 3808 Nun

411 3862 516 3941 polest
544 3858 587 3920 ita
613 3858 652 3919 de
686 3853 881 3940 pbilosophis
913 3852 971 3920 viri
1004 3853 1078 3920 iusti
1111 3851 1308 3919 describendi
1340 3851 1441 3937 gralia
1468 3845 1559 3915 dixisse

412 3960 533 4036 videri,
558 3980 598 4024 an
619 3959 753 4024 civitatis
776 3961 890 4022 causa?
