3312 5238
577 399 788 468 ..6¹1-

93 559 170 630 ieris
201 560 306 630 solum
330 568 499 650 praecepta
528 561 606 648 poni
630 561 730 628 lector
759 565 859 647 putat.
903 561 975 639 ‘Qua
995 579 1033 627 re
1053 558 1087 628 id
1109 563 1270 627 assecutus

92 677 151 744 est,
175 674 212 732 nt
232 687 309 733 vera
331 665 549 749 disputationis
570 670 653 731 ratio
675 675 770 750 atque
794 667 875 730 ordo
896 659 1049 732 lectorem
1070 667 1203 744 lateret;
1226 671 1272 742 ut,

92 769 124 834 in
148 789 214 854 qno
236 789 299 834 uno
321 767 439 854 dialogi
460 789 512 834 ars
525 767 578 836 vel
593 767 733 834 maxime
747 769 898 846 cernitur,
923 769 1028 836 omnia
1043 776 1155 856 sponte
1170 771 1272 836 liuere

91 871 287 948 viderentur,
307 895 407 960 quum
429 880 534 938 tamen
556 892 597 938 ex
619 881 756 957 quatuor
776 861 946 938 virtutibus
968 871 1180 939 cardinalibus
1193 877 1274 940 haee

91 985 361 1062 praeceptorem
383 983 628 1063 repeterentur3
652 983 690 1042 ut
708 975 795 1041 fraus
817 995 880 1042 non
902 983 1079 1064 appareret,
1102 998 1165 1062 qua
1184 976 1275 1044 insti·

92 1081 190 1158 tiam,
214 1099 295 1167 quae
317 1081 457 1146 omniurn
479 1099 591 1146 eoram
613 1099 693 1165 quae
715 1077 818 1146 adhuc
839 1079 921 1146 dicta
942 1089 1015 1146 sunt
1034 1078 1274 1148 tundamentum

92 1194 153 1260 est,
177 1205 213 1249 se
233 1182 336 1250 adhuc
358 1203 513 1270 quaerere
534 1183 615 1250 velle
636 1181 815 1250 simulabat.
860 1183 981 1250 Eodem
1003 1195 1079 1250 sane
1099 1184 1185 1262 iure,
1205 1203 1274 1270 <quo

92 1291 186 1364 haec,
211 1307 292 1373 quae
314 1292 352 1354 ad
375 1286 525 1353 iustitiam
547 1287 723 1374 pertinent,
756 1287 877 1353 iam'se
898 1287 1025 1354 tradere
1047 1309 1142 1373 posse
1163 1295 1273 1373 negat,

92 1391 202 1458 omnia
221 1392 345 1478 reliqua
365 1399 550 1478 praecepta,
575 1389 751 1476 quaeinde
774 1389 814 1456 ab
836 1389 926 1458 initio
947 1391 1033 1458 tertii
1053 1391 1128 1458 libri
1150 1390 1190 1457 de
1205 1411 1275 1458 aar·

92 1495 216 1562 minum
237 1505 423 1579 argumento
446 1495 569 1571 dantur,
591 1494 729 1561 tollenda
752 1503 853 1560 erant.
889 1495 1022 1561 Multum
1037 1515 1118 1562 varo
1132 1495 1276 1562 adiuvari

91 1619 226 1664 neeesse
245 1605 294 1664 est
314 1619 385 1664 eam
407 1599 553 1665 fraudem
573 1601 633 1664 hac
655 1601 808 1674 Socratis,
834 1599 924 1666 auios
944 1599 1137 1686 praecipuae
1157 1600 1192 1666 in
1211 1599 1275 1666 hoc

94 1701 223 1788 dialogo
252 1710 470 1788 partessnnt,
501 1701 718 1768 affirmatione,
762 1701 857 1778 Quod
878 1704 905 1768 si
926 1702 1024 1788 igitur
1046 1723 1118 1770 rent
1138 1710 1174 1770 ut
1195 1724 1273 1771 vere

95 1812 144 1872 est
163 1803 411 1882 consideremus,
434 1805 627 1872 concessisse
649 1794 848 1872 Adimantum
869 1814 1017 1892 apparet,
1040 1806 1165 1872 etiamsi
1185 1805 1219 1872 id
1241 1829 1275 1872 se

95 1929 251 1996 quaerere
273 1909 376 1976 adhue
396 1909 477 1976 velle
500 1911 645 1976 Socrates
667 1907 811 1986 simulet,
835 1907 998 1974 colendam
1020 1931 1090 1976 esse
1111 1909 1273 1977 iustitiam.

95 2013 214 2088 Similis
244 2021 291 2078 est
318 2011 415 2098 igitur
447 2014 526 2080 haec
548 2012 686 2078 Socratis
707 2011 866 2078 simulatio
888 2020 920 2077 et
940 2011 1147 2080 dissimulatio
1169 2021 1276 2080 orato·

94 2138 167 2184 rum
190 2115 336 2196 artifieio,
361 2137 458 2204 quum
481 2137 557 2204 yere
579 2123 720 2200 tangunt,
745 2136 825 2203 quae
844 2116 959 2184 afferre
973 2118 1105 2185 senelle
1120 2117 1277 2190 simulant.

94 2223 198 2286 Porro
220 2219 557 2288 si'nonduminventa
580 2218 699 2286 iustitia
720 2230 777 2295 est,
801 2221 938 2288 ‘inveniri
960 2228 1065 2288 antem
1086 2220 1196 2298 debat,
1220 2244 1277 2289 cur

93 2347 158 2392 non
189 2324 375 2412 quaeritur?
412 2325 477 2404 Cor
502 2345 585 2390 nunc
616 2327 656 2388 de
687 2343 804 2410 genere
833 2324 1004 2401 sermonis,
1038 2347 1075 2390 ao
1096 2325 1277 2415 demusica

92 2428 227 2515 proprie
250 2427 296 2495 sic
317 2427 407 2503 dicta,
430 2427 536 2494 dicere
557 2426 666 2514 incipit
687 2429 848 2504 Socrates,
871 2447 1000 2514 sperans
1021 2427 1135 2513 procul
1156 2429 1274 2507 dubio,

93 2532 249 2598 iustitiam
269 2541 382 2616 sponte
404 2549 474 2608 sna,
504 2539 540 2597 ut
562 2538 610 2597 est
630 2530 870 2616 in-proverbio,
896 2532 984 2619 quasi
1006 2553 1108 2600 assam
1130 2553 1221 2599 avem
1240 2530 1277 2600 'in

94 2635 213 2704 hiantis
235 2656 271 2701 os
292 2634 525 2701 involaturamt
1162 2685 1166 2696 .

181 2739 293 2825 Igitur,
304 2759 414 2826 quum
434 2739 479 2804 ita
501 2759 612 2810 omnes
628 2735 679 2805 hio
693 2737 830 2805 institiae
844 2745 951 2825 partes
964 2740 1079 2818 tradat,
1104 2739 1144 2807 ad
1159 2761 1275 2827 easque

94 2843 255 2912 civitatem
282 2841 422 2910 instituat
450 2848 615 2920 Socratas,
645 2863 721 2908 num
748 2863 826 2909 vera
855 2865 927 2909 eum
949 2865 1102 2931 quaerere
1124 2844 1276 2912 iustitiam

94 2947 300 3035 putabimus?
322 2965 382 3022 an,
395 2953 493 3034 quoni
510 2954 598 3014 tanta
620 2953 699 3024 ante,
722 2965 832 3012 veram
854 2965 967 3014 eorum
983 2967 1066 3034 qnae,
1079 2947 1155 3014 dicit
1169 2949 1276 3036 dispo-

96 3051 245 3117 sitionem
267 3050 356 3124 celet,
378 3049 459 3116 eelet
479 3049 565 3116 iniioi
587 3050 780 3135 singularum
801 3050 953 3118 virtutum
975 3054 1116 3118 omnium
1131 3061 1164 3118 et
1176 3053 1276 3139 ipsius

95 3155 237 3234 iustitiae
255 3153 447 3220 mentionem
469 3161 501 3218 et
522 3153 626 3239 aliqua
649 3164 803 3238 exparte
825 3153 1087 3240 explicationem,
1110 3156 1273 3234 celavisse,

96 3258 185 3345 quod
207 3265 291 3325 esset
310 3260 417 3346 operis
438 3257 620 3335 consilium,
633 3257 694 3344 ‘qui
715 3256 826 3324 liniat·
884 3295 887 3308 ι

445 3513 448 3518 ’
509 3499 512 3508 ¹
550 3553 824 3624 sueno-11.
910 3595 913 3606 .

183 3779 250 3844 lom
278 3775 542 3861 transgredientes
563 3771 603 3839 ad
624 3785 741 3841 novam
768 3774 987 3862 disputationis
1006 3785 1130 3863 partem
1151 3781 1275 3854 initium

95 3883 251 3950 iaciemus
282 3884 321 3946 ab
351 3899 391 3945 eo
419 3878 508 3955 loco,
548 3897 613 3963 quo
644 3879 734 3964 prior
768 3880 862 3945 huius
898 3879 974 3946 libri
1007 3901 1081 3969 pars
1116 3903 1187 3954 cum
1216 3893 1276 3956 hac

96 3985 316 4072 coniungitur,
339 4003 375 4050 ao
395 3979 591 4058 docebimus,
614 4002 688 4046 eum
709 3980 826 4069 dialogi
848 3983 1005 4063 ordinem,
1029 4007 1123 4074 quem
1145 4011 1177 4078 p.
1201 3995 1274 4072 392,

96 4099 132 4161 Α.
154 4090 349 4173 descriptum
368 4084 482 4161 habes,
514 4105 579 4152 non
599 4105 670 4152 asse
691 4103 811 4186 umam.
858 4083 910 4153 Τὰ
929 4094 989 4176 μὲν
1010 4087 1051 4172 δὴ
1072 4089 1179 4180 λόγων
1199 4101 1274 4188 πέρι
1306 4125 1309 4130 .

98 4199 194 4285 ἐχέτω
215 4196 321 4270 τέλος·
343 4187 382 4256 τὸ
404 4193 439 4259 δὲ
461 4187 582 4271 λέξοως,
605 4183 647 4272 ὡς
661 4187 796 4280 ἐγῷμαι,
817 4187 901 4277 μετὰ
918 4193 1018 4260 τοῦτο
1032 4199 1196 4280 σκεπτέον,
1217 4207 1274 4269 καὶ

95 4295 177 4390 ἡμῖν
197 4288 223 4366 ἅ
242 4321 279 4366 τε
297 4296 501 4364 λεκτέον-καὶ
520 4287 566 4370 ὡς
586 4294 714 4362 λεκτέον
731 4295 899 4373 ,πανιελῶς
919 4297 1104 4393 donimanus.
1131 4323 1165 4386 p.
1189 4307 1271 4388 392,
