3296 5232
402 599 476 646 rem
496 579 708 647 conditionem
728 573 858 648 inclinat
880 587 917 648 ac'
930 593 1051 670 pronus
1074 584 1189 649 deinde
1210 601 1429 672 praecepsque
1444 585 1581 669 proruit,
1636 615 1637 642 t

401 683 472 750 luce
494 687 609 749 clarius
631 688 928 752 animadvertamus:
973 689 1074 763 Mitto,
1098 685 1137 752 de
1160 690 1275 772 quibus
1297 688 1359 754 iam
1375 688 1504 766 monui,
1529 689 1583 755 tria
1636 678 1637 686 ἵ

401 786 456 854 illa
477 789 511 853 in
533 789 639 856 animo
660 789 815 866 hominis,
847 787 885 856 τὸ
908 787 1091 874 tepesco»,
1113 793 1300 877 θυμοειδὲς
1323 801 1355 857 et
1377 795 1583 879 ἐπιθυμητι-

400 886 477 957 κόνι
499 913 650 980 vquorum
679 893 713 961 in
735 895 856 980 optimo
876 893 952 960 riro‘
969 912 1156 960 consensum
1173 900 1208 960 et
1228 896 1261 961 in
1283 903 1436 980 corrupto
1461 898 1583 961 dissen-

400 1014 470 1060 sum
501 1017 537 1061 ac
564 996 662 1062 veluti
690 997 842 1064 tumultus
872 1006 903 1063 et
932 996 1120 1075 seditiones,
1154 997 1214 1064 nisi
1245 999 1406 1065 civitatum
1439 999 1582 1065 adhibita
1636 989 1637 1022 ³

400 1101 527 1183 specie,
562 1107 648 1166 tanta
672 1103 765 1167 nobis
792 1099 1015 1188 perspicuitate
1044 1103 1158 1166 dooere
1185 1123 1250 1169 non
1282 1105 1461 1188 potuisset3
1503 1103 1583 1190 quod

401 1207 479 1269 vero
507 1204 603 1269 animi
632 1203 842 1270 dubitationes
864 1207 991 1282 attinet,
1020 1207 1075 1270 ubi
1097 1206 1230 1273 diversis
1253 1210 1406 1291 agitatur,
1444 1210 1581 1272 nuncin

399 1307 580 1383 meliorem,
615 1315 682 1373 tum
710 1329 787 1376 vero
816 1310 849 1373 in
877 1311 1068 1375 deteriorem
1095 1314 1238 1397 partem,
1273 1309 1403 1388 studiis,
1439 1309 1581 1400 illudque

398 1423 511 1496 reapse
530 1411 685 1497 percipit:
1428 1429 1433 1436 ’

873 421 1105 490 4254-

733 1598 775 1612 -
797 1563 889 1630 video
912 1564 1046 1631 meliora
1067 1567 1234 1652 proboque

654 1667 812 1736 deteriora
834 1689 970 1756 sequor:

398 1845 461 1914 quo
482 1823 561 1892 illud
581 1834 673 1913 pacto
695 1835 758 1893 tam
779 1825 872 1894 nobis
893 1827 1059 1894 manifesto
1087 1828 1317 1919 diligenterque
1344 1832 1512 1917 potuisset
1533 1833 1579 1896 de·

398 1927 594 2008 monstrare,
618 1950 711 2017 quam
731 1935 778 1997 uti
800 1931 884 2008 fecit,
909 1933 1033 2024 civitate
1055 1933 1146 1999 nobis
1169 1937 1208 1998 od
1232 1932 1439 2018 spectandum
1461 1957 1580 2020 propo-
1636 2019 1637 2022 Ἴ

398 2038 476 2112 sita,
501 2055 583 2120 quae
604 2056 669 2100 uon
690 2055 769 2112 una,
794 2033 905 2100 sedin
928 2040 1006 2100 duas
1029 2045 1111 2101 esset
1131 2043 1237 2124 partes
1260 2037 1432 2104 distracta?
1473 2036 1577 2117 Quina

399 2139 484 2222 quod
506 2159 569 2202 nou
592 2137 693 2204 solum
717 2141 895 2224 θυμοειδὲς
916 2139 1010 2217 illud,
1041 2141 1125 2226 quod
1147 2140 1240 2206 uobis
1261 2144 1360 2218 inest,
1391 2141 1578 2224 custodibus

400 2240 548 2314 civitatis,
579 2244 636 2307 sed
664 2239 848 2327 cupiditates
875 2241 968 2307 eliam
996 2252 1119 2309 nostras
1141 2244 1333 2310 multitudini
1355 2244 1578 2331 compararitl

397 2346 434 2408 ln
462 2343 669 2410 seditionibus
697 2344 857 2410 civitatum
887 2337 923 2409 ac
951 2347 1122 2432 regnorum
1144 2350 1221 2434 quid
1242 2345 1357 2413 efficiat
1377 2349 1450 2415 lere
1476 2349 1577 2415 multi-

396 2451 473 2514 tudo
503 2432 789 2534 vilissimorumque
818 2449 978 2514 hominum
1012 2448 1105 2516 turba
1139 2459 1170 2518 et
1202 2449 1371 2534 colluvies,
1407 2455 1574 2520 norimus:

400 2549 476 2638 quid
498 2559 601 2617 autem
632 2550 671 2617 ad
698 2553 884 2636 agitationes
906 2553 1001 2617 animi
1023 2557 1227 2645 internasque
1256 2557 1430 2623 seditiones
1457 2574 1576 2642 cogno·

396 2658 529 2720 scendas
550 2651 695 2732 interius,
719 2651 865 2721 adbiberi
885 2661 989 2740 aptius
1012 2657 1232 2744 efficaciusque
1246 2667 1358 2745 potest,
1381 2679 1482 2745 quam
1507 2661 1575 2726 oiri*

396 2763 443 2824 tas
464 2757 649 2825 tumultibus
670 2763 835 2845 agitatato
874 2761 967 2837 Quod
995 2759 1065 2826 talis
1094 2765 1195 2828 ethica
1221 2766 1305 2851 apud
1327 2761 1407 2829 alios
1430 2765 1573 2847 philoso

395 2865 476 2949 phos
497 2880 561 2926 non
581 2863 763 2946 reperiatur
785 2869 816 2928 et
837 2867 922 2951 quod
943 2879 1110 2948 nunquamx
1125 2865 1204 2932 alius
1232 2865 1367 2932 similem
1387 2866 1424 2931 in
1445 2871 1574 2934 modum

397 2962 437 3029 ad
459 2963 620 3031 civitatum
643 2964 780 3050 effigiem
801 2971 904 3033 mores
927 2963 1089 3034 bominum
1111 2969 1271 3052 exegerit,
1300 2968 1334 3036 id
1362 2973 1575 3036 certissimum

395 3067 535 3135 veritatis
557 3075 683 3134 nostrae
701 3071 875 3136 ‚sententiae
897 3080 1115 3156 argumentum
1138 3082 1194 3138 est.
1238 3077 1317 3139 Nam
1334 3093 1392 3140 nec
1409 3075 1574 3140 Platonem

395 3168 428 3237 id
458 3171 615 3238 iacturum
643 3173 740 3239 fuisse
768 3172 860 3238 uobis
880 3194 1064 3260 persuasum
1087 3183 1152 3252 est,
1188 3177 1249 3242 nisi
1271 3181 1310 3242 ad
1332 3176 1572 3261 ltempublicam

395 3273 447 3344 hic
468 3293 574 3343 sermo
596 3277 780 3361 pertineret.
812 3281 903 3346 ‘Nam
934 3277 960 3342 si
989 3295 1066 3345 vera
1093 3279 1132 3344 sit
1155 3279 1288 3346 Heusdii
1307 3275 1349 3346 de
1372 3279 1574 3364 Operisline
1636 3295 1637 3298 ’

394 3383 562 3458 sententia,
586 3387 618 3446 et
640 3379 666 3446 si
688 3379 806 3448 iustitia
828 3401 863 3445 ac
884 3381 1089 3468 temperantia
1111 3389 1142 3448 et
1164 3393 1334 3468 quaesunt
1348 3371 1396 3450 bis
1412 3388 1572 3453 contraria

395 3479 570 3552 efficiantm
598 3485 690 3550 litero
719 3481 825 3551 trium'
844 3485 940 3550 animi
966 3483 1147 3552 facultatum
1176 3495 1229 3552 aut
1253 3503 1409 3554 consensu
1432 3497 1492 3555 aut
1514 3490 1572 3555 dis

394 3601 499 3665 sensu,
524 3587 790 3672 quemadmodum
812 3595 865 3653 aut
886 3591 1080 3654 consentiant
1102 3598 1156 3656 aut
1177 3589 1359 3657 dissentiant
1381 3591 1517 3660 ordines
1539 3611 1572 3658 ac

394 3696 501 3772 partes
531 3688 750 3777 Reipublicae,
787 3700 852 3758 tum
883 3700 970 3758 recte
1001 3696 1269 3777 reprehensorum
1300 3693 1396 3760 luisse
1431 3697 1573 3764 arbitror

395 3793 735 3872 Schleiermaoherum‚
772 3815 853 3881 quae
874 3795 1078 3880 reprehendit
1098 3819 1129 3882 p.
1152 3799 1204 3863 28.
1226 3801 1279 3863 29.
1303 3799 1568 3876 introductionis,

393 3893 462 3960 tolli
483 3897 526 3962 ita
547 3919 680 3965 monens
702 3897 882 3965 discrimina
902 3899 954 3965 vel
976 3893 1112 3965 manime
1134 3899 1352 3978 observanda,
1385 3909 1417 3967 et
1438 3901 1571 3988 intelligi

394 4001 488 4064 etiam
510 4004 638 4066 maximi
659 3999 779 4087 ingenii
800 4002 959 4067 hominem
982 4025 1046 4069 non
1067 4004 1241 4090 neglexisse
1263 4005 1330 4070 sine
1343 4024 1451 4089 poena
1465 4005 1570 4092 legem

393 4091 598 4192 simplicitatis
619 4106 652 4171 in
673 4110 733 4172 hac
753 4125 790 4171 re
812 4112 985 4172 camundo.
1030 4107 1207 4174 Secundum
1235 4128 1293 4174 nos
1320 4127 1398 4175 uero
1427 4113 1510 4174 haee
1532 4108 1570 4175 ad

393 4211 532 4275 animum
554 4209 717 4274 transferri
738 4223 801 4275 non
823 4211 947 4284 debent,
971 4213 1027 4276 sed
1049 4220 1160 4278 eontra
1181 4213 1277 4284 animi
1299 4219 1396 4279 status
1419 4215 1460 4278 ad
1476 4218 1570 4280 Rem-

392 4311 563 4401 publicam.
608 4317 653 4382 Ao
678 4313 820 4398 ‘potuisse
841 4312 1002 4383 Platonem
1025 4333 1079 4396 ea,
1110 4335 1192 4403 quae
1215 4315 1373 4386 desiderat
1393 4311 1566 4398 lleusdius,
