3298 5232
552 423 782 488 -165-

77 577 551 678 roendrc‘cteiu'tr'ypc,
574 571 696 665 ἧττον
717 577 920 676 ἀφεθήσῃ
942 577 1134 677 alpaigde
1155 581 1254 676 πρὸς

77 686 121 754 τὸ
143 686 196 778 μὴ
220 684 366 770 εἰπεῖν,
389 687 442 769 πῆ
464 683 620 768 δυνατὴ
641 685 865 772 γίγνεσθαι
888 678 988 768 αὕτη
1009 683 1030 769 ἡ
1052 690 1253 758 πολιτεία.

75 787 164 858 ἀλλὰ
187 795 258 878 λέγε
280 787 402 878 καὶμὴ
424 785 583 877 διάτριβε.
626 793 706 855 Non
719 789 811 856 uliam
833 792 929 857 huius
951 793 1157 858 cunctationis
1178 809 1253 860 suae

76 898 223 962 Socrates
244 895 399 985 rationem
423 893 526 972 affert,
551 913 643 980 mam
665 894 813 960 timorem
835 916 898 980 quo
914 895 1117 984 praepeditus
1132 885 1172 962 sit
1190 913 1253 984 quo

73 1000 180 1064 miuus
208 1007 271 1064 tam
299 993 442 1066 difficiles
470 1017 524 1064 res
551 1005 584 1063 et
611 1005 675 1062 tam
704 996 819 1064 arduas
848 999 1031 1085 explicaret.
1061 993 1155 1065 ‘Sunt
1175 999 1254 1066 haec

75 1107 189 1168 eadem
212 1123 282 1168 cum
303 1103 359 1179 iis,
390 1123 472 1188 quae
494 1103 593 1189 quinti
614 1099 689 1167 libri
709 1103 801 1168 initio
823 1104 985 1188 leguntur,
1015 1119 1116 1188 quae,
1140 1125 1253 1189 parum

73 1204 234 1272 intellecta
255 1203 294 1270 ab
315 1202 554 1291 interpretibus,
578 1202 762 1298 effecerunt,
786 1212 821 1271 nt
841 1213 907 1270 tres
924 1199 1107 1285 hosiibros,
1130 1207 1163 1274 in
1184 1209 1254 1297 qui·

72 1313 135 1375 bus
157 1329 331 1384 versamur,
353 1327 414 1393 pro
436 1307 630 1386 ἐπεισοδίοις
650 1313 815 1374 baberent.
860 1313 999 1395 Utroque
1020 1310 1090 1376 loco
1107 1315 1266 1378 Socrates·

73 1423 162 1480 totus
185 1421 233 1478 est
253 1413 285 1478 in
307 1411 577 1496 explicandaalia
598 1430 633 1477 re
656 1415 809 1498 madum,
839 1420 975 1500 auoque
997 1413 1067 1480 loco
1081 1421 1253 1482 'cunctatur

73 1527 106 1584 et
127 1517 231 1593 timet,
254 1515 443 1600 tandemque
466 1515 561 1582 veluti
583 1519 693 1582 contra
711 1507 906 1582 botuntatem
926 1537 1015 1583 suam
1030 1520 1070 1583 ad
1085 1517 1252 1585 dicendum

73 1622 223 1706 adigitur.
268 1623 304 1686 ld
324 1626 446 1685 tautum
468 1620 552 1686 iuter
573 1628 742 1706 utrumque
763 1619 868 1687 locum
891 1620 1079 1688 discriminis
1101 1623 1251 1699 interest,

73 1723 163 1812 quod
183 1728 246 1790 hcc
267 1726 339 1789 loco
362 1727 507 1790 Socrates
530 1730 709 1799 cunctatur,
741 1731 778 1796 ut
799 1745 852 1790 eas
873 1747 926 1790 res
948 1725 1105 1812 explicare
1126 1735 1251 1811 posset,

73 1849 174 1916 quas,
206 1829 327 1894 etiamsi
356 1826 396 1894 ad
417 1827 523 1914 operis
545 1846 656 1893 verum
677 1826 772 1894 finem
793 1828 991 1894 necessariae
1013 1838 1134 1908 essent,
1166 1831 1254 1896 audi·-

72 1943 163 2000 tores
191 1932 344 2016 explicari
373 1930 458 1997 nolle
485 1933 682 2008 riderentur,
709 1931 768 2016 illo.
786 1952 879 2006 raro,
909 1941 944 1999 nt
964 1935 1119 2000 voluntati
1141 1955 1253 2000 eornm

74 2038 131 2125 qui
153 2021 323 2102 audiebant
345 2033 566 2119 obtemperans
589 2035 628 2102 de
646 2036 684 2102 iis
705 2027 808 2102 rebus'
823 2036 929 2105 dicere
943 2046 1062 2121 posset,
1087 2059 1254 2125 quaecum

72 2162 154 2209 vero
177 2143 288 2227 operis
304 2138 366 2204 fine
389 2141 573 2206 coniunctae
594 2141 733 2206 fuerunt.
779 2127 954 2226 Numquid
971 2143 1066 2228 igitur
1080 2142 1142 2207 alio
1157 2143 1252 2208 modo

73 2247 116 2313 de
143 2244 245 2330 quinti
271 2244 345 2309 libri
374 2242 463 2309 initio
493 2243 720 2321 iudicabimus,
751 2261 848 2333 quam¹
877 2247 916 2310 de
938 2243 1090 2312 hocloco
1113 2247 1253 2322 iudicare

74 2349 244 2435 cogimur?
287 2349 459 2432 Utrumque
482 2347 602 2414 scilicet
623 2347 785 2432 pertinere
815 2345 855 2414 ad
882 2369 994 2414 verum
1016 2349 1123 2433 operis
1144 2349 1250 2416 finem.

73 2459 121 2519 Ita
142 2459 251 2536 patent
272 2455 355 2516 arte's
376 2450 523 2525 Platonis,
546 2451 661 2537 quibus
681 2455 836 2517 rationem
856 2455 992 2539 partium
1013 2453 1130 2538 dialogi
1144 2451 1254 2518 tinem-

74 2576 138 2642 que
167 2557 236 2622 eius
265 2551 396 2620 celabat.
441 2555 520 2619 Sed·r
531 2553 744 2640 expendamus
774 2557 868 2620 etiam
901 2556 1081 2640 diligentius
1117 2557 1250 2641 singula.

73 2665 124 2727 Eo
152 2658 256 2735 enim,
288 2661 374 2744 quod
396 2653 437 2722 ab
458 2659 497 2722 iis
520 2657 706 2743 quibuscum
734 2651 975 2744 colloquebatur
997 2656 1142 2726 Socrates
1164 2661 1255 2746 quasi

74 2765 216 2832 incursio
237 2760 272 2826 lit
291 2763 325 2826 in
342 2759 525 2826 'sermonem
555 2761 641 2839 eius,
673 2759 712 2827 ad
734 2762 796 2826 alia
817 2763 937 2836 omnia,
968 2781 1049 2848 quae
1071 2763 1132 2852 ipsi
1154 2764 1255 2851 expli-

75 2868 143 2934 cari
162 2887 228 2932 nou
248 2867 395 2950 cupiant,
415 2863 610 2946 aberrantis,
631 2864 670 2930 de
691 2864 866 2951 Republica
887 2873 991 2932 tamen
1012 2887 1088 2933 vere
1110 2869 1265 2954 dicentis,

76 2975 246 3039 adiuvatur
274 2967 413 3036 socratis
442 2971 618 3046 simulatio,
650 2990 684 3036 se
706 2977 839 3057 propter
852 2969 1006 3038 ¹timorem
1029 2981 1060 3037 et
1081 2971 1251 3057 ignaviam,

76 3076 117 3142 cf.
142 3098 174 3160 p.
197 3077 278 3152 tor,
310 3077 368 3151 n,
400 3075 440 3138 ad
468 3072 606 3160 reliquas
629 3075 784 3139 sermonis
805 3081 910 3160 partes
932 3074 1191 3152 nonaccedere,
1222 3082 1254 3141 et

77 3180 233 3247 retinetur
260 3179 304 3244 lta
321 3165 370 3244 'ea
398 3179 539 3264 species,
570 3176 660 3264 quasi
686 3179 891 3242 haecomnia
912 3198 1018 3244 merae
1041 3171 1254 3264 digressiones

77 3285 171 3360 sint?
188 3289 220 3348 et
241 3301 320 3348 vere
340 3289 485 3349 versetur
507 3283 620 3368 Operis
641 3279 712 3346 finis
734 3273 766 3346 in
787 3281 919 3356 iustitia,
949 3286 988 3349 de
1010 3304 1072 3368 qua
1093 3291 1199 3348 tamen
1220 3285 1254 3352 iu

76 3391 126 3455 bis
147 3407 254 3458 sermo
275 3388 405 3452 omnino
426 3407 491 3450 nou
513 3392 572 3462 est,
596 3393 632 3449 ut
651 3403 762 3450 omnes
782 3385 930 3451 latentur.
974 3391 1050 3452 Tam
1065 3385 1253 3453 inhumanos

77 3491 161 3558 euim
188 3510 283 3556 nemo
311 3491 409 3555 tuisse
424 3506 513 3555 'rere
540 3490 663 3575 putabit
689 3507 761 3565 eos,
796 3490 984 3574 quibuscum
1013 3489 1253 3576 colloquebatur

77 3600 233 3667 Socrates,
255 3600 290 3659 ut
308 3593 460 3659 orationis
475 3591 545 3658 eius
559 3611 687 3658 cursum
699 3591 914 3686 perturbatori
927 3593 1069 3662 fuissent.
1117 3596 1252 3659 Subesse

75 3699 180 3785 igitur'
197 3697 429 3766 simulationem
450 3705 546 3783 patet.
587 3699 628 3764 Et
657 3699 746 3760 baec·
765 3716 824 3762 uos
854 3687 949 3763 causa
974 3697 1144 3785 praecipue
1166 3716 1254 3763 com·

75 3804 188 3878 movit,
212 3821 269 3866 cur
289 3803 431 3867 omnium
449 3800 594 3866 codicum
615 3799 780 3866 lectionem
802 3805 1130 3890 eaperecapere,
1150 3795 1251 3878 alteri,

75 3909 117 3972 ab
156 3903 274 3970 Orellio
310 3907 464 3991 sagaciter
499 3907 713 3990 encogitatae,
750 3910 896 3992 receptae
932 3927 951 3970 a
983 3903 1187 3972 Stallbaumio
1220 3915 1253 3972 et

76 4007 293 4086 Schneidero,
323 4011 377 4094 qui
407 4017 513 4075 tamen
540 4009 626 4075 illam
655 4007 806 4093 explicari
830 4029 925 4096 posse
944 4016 1085 4095 putaret,
1115 4017 1150 4076 ut
1174 4014 1252 4076 arel

75 4117 206 4179 Sorates
232 4131 362 4196 operam
391 4111 423 4178 in
449 4113 656 4179 describenda
684 4133 721 4178 re
749 4111 875 4179 militari
903 4115 1037 4197 positam
1060 4117 1252 4210 cumipsius

74 4215 209 4282 militiae
230 4212 393 4281 laboribus
414 4234 608 4305 comparans,
630 4217 802 4292 licentiam,
822 4223 905 4303 'quae
927 4217 1079 4284 militibus
1099 4218 1134 4283 in
1156 4209 1253 4300 expe·

75 4317 253 4386 ditionibus
274 4321 547 4405 permittisoleat,
561 4319 630 4389 'sibi
646 4328 803 4407 negatam,
826 4322 878 4390 rel
894 4324 968 4392 dum
980 4323 1050 4408 ipse
1062 4321 1141 4396 ,betti
1158 4339 1252 4386 cansa
