3344 5234
361 553 485 620 bamma
500 583 545 606 ν-
562 556 672 632 Quod·
685 561 790 622 abab
818 557 1088 640 Morgeostemius
1103 565 1222 640 {putato
1251 579 1318 626 rou
1331 579 1535 646 ‘muqoopcra

360 661 542 726 vorem
558 657 654 726 brisso
677 660 817 734 Socrati,
853 661 977 724 nasibi
999 683 1018 726 e
1039 660 1190 743 pridiana
1204 666 1385 730 nmatione
1407 667 1534 732 nonnisi

361 784 399 828 ea
414 765 610 838 «ηοοοοοιίί,
633 781 715 847 quae
738 764 1002 844 opomrmrbam
1019 767 1249 847 remquhbeam
1271 775 1469 850 spectarent,
1493 769 1533 832 ab

359 867 466 950 aliquo
489 887 606 932 eorum·
622 868 675 950 qui
696 869 829 930 aderant
843 868 1047 943 obiiceretur,
1072 870 1150 944 alia,
1174 891 1284 954 eaque·
1299 874 1404 954 potius
1426 874 1533 948 etiam,

359 991 455 1056 quam
477 971 541 1034 isla·
558 972 606 1034 de
620 971 804 1053 republica,
828 971 899 1034 beri
921 972 1078 1053 disputata
1099 993 1188 1047 esse,
1210 975 1244 1038 id
1266 994 1458 1058 magnopere
1479 997 1535 1039 ve-

359 1075 493 1139 rendum
515 1071 612 1137 luisse
634 1075 835 1138 arbitramur.
889 1076 970 1140 Naar¹
998 1073 1122 1140 etiamsi
1142 1078 1274 1158 politica
1292 1098 1373 1161 quae
1388 1099 1534 1146 comme·

359 1185 478 1252 morat,
512 1184 547 1240 ut
576 1177 669 1258 plane
695 1177 837 1241 inerudita
858 1184 891 1240 et
911 1172 1084 1259 παράδοξα
1105 1180 1284 1250 auditorum
1304 1183 1423 1248 animis»
1438 1203 1534 1265 quem

359 1283 509 1346 altissime
532 1281 635 1346 adbuc
655 1281 822 1344 inhaerere
845 1282 1011 1362 probabile
1035 1303 1105 1346 esse
1126 1286 1345 1359 concedimus,
1359 1286 1467 1350 ‚multo
1488 1293 1534 1350 ta·

357 1406 431 1450 men
452 1377 701 1472 παραδοξότερα
722 1381 849 1448 luerunt
869 1386 909 1448 de
931 1386 1129 1468 pbilosophis
1151 1388 1383 1470 magistratibus
1404 1390 1530 1470 placita.

359 1486 407 1552 cl.
431 1488 557 1570 Reipbl.
582 1487 643 1550 tib..
663 1487 701 1550 V.
726 1507 758 1568 p.
783 1489 857 1561 473,
882 1488 927 1550 st.
973 1490 1012 1552 Et
1033 1490 1114 1571 quis,
1139 1491 1200 1552 nisi
1222 1492 1368 1574 indignus
1391 1493 1444 1576 qui
1458 1493 1533 1556 talia

358 1593 493 1665 audiret,
517 1591 660 1654 oblivisci
681 1590 834 1672 potuisset
851 1611 900 1664 ea,
925 1613 1005 1674 quac
1022 1595 1060 1656 de
1075 1593 1148 1658 idea
1163 1594 1239 1658 boni
1253 1595 1411 1677 disputata
1423 1600 1532 1660 erant‘l

358 1697 450 1760 Idem,
468 1697 507 1760 de
531 1695 604 1758 aliis·
622 1695 716 1758 etiam
732 1696 833 1758 rebus
855 1697 1065 1760 statuendum.

443 1803 606 1864 Postremo
627 1817 778 1882 quaeras,
803 1818 859 1861 cur
880 1800 1070 1883 coniungere
1093 1801 1180 1864 Plato
1194 1803 1332 1866 voluerit
1346 1803 1406 1866 bos
1419 1802 1530 1878 libros,

357 1905 531 1977 Timaeum,
555 1903 805 1984 Rempublicam,
831 1901 971 1977 Critiam,
996 1905 1022 1966 si
1044 1924 1108 1967 non
1130 1925 1218 1979 vere,
1242 1908 1298 1970 sed
1320 1913 1441 1970 tentum
1456 1926 1533 1989 qua·

357 2011 430 2072 dam
462 2029 503 2071 cx
530 2013 620 2088 parte
649 2013 834 2088 argumento
863 2027 897 2068 se
926 2007 1077 2070 invicem*
1091 2009 1294 2072 adiuvarent?
1331 2010 1394 2074 Cur
1415 2011 1447 2072 in
1470 2011 1532 2075 alio

356 2127 474 2195 opere,
496 2113 538 2174 de
562 2117 746 2193 argumento
768 2109 922 2172 librorum
945 2111 986 2173 de
1002 2113 1182 2191 Republica
1203 2114 1293 2214 qqasi
1315 2114 1464 2178 historice
1485 2115 1533 2176 lo*

356 2236 459 2300 quens
479 2214 627 2278 mentitus
649 2215 690 2276 sit
711 2214 818 2286 Plato,
854 2219 886 2275 et
913 2210 1023 2279 falsam
1051 2215 1095 2278 ita
1117 2217 1157 2280 de
1178 2217 1286 2298 operis
1308 2215 1370 2280 tine
1393 2218 1532 2301 speciem

356 2319 554 2394 excitaverit,
578 2319 664 2402 quod
685 2318 955 2402 Morgensternius
973 2325 1009 2382 et
1029 2319 1087 2401 qui
1099 2340 1172 2382 eum
1188 2327 1362 2404 sequuntur
1377 2328 1532 2404 coguntur

355 2425 513 2488 statuere?
562 2445 564 2453 ’
616 2444 650 2450 ’“
1403 2475 1405 2480 ,

441 2527 530 2602 Quae
559 2525 586 2588 si
614 2542 690 2588 vcra
716 2531 807 2598 sunt,
839 2531 921 2588 sture
944 2545 1008 2588 non
1030 2532 1133 2608 potest
1156 2526 1439 2590 Scbleiermacberi
1461 2549 1533 2592 sen-

355 2630 471 2704 tentia,
507 2649 569 2712 qua
590 2648 664 2704 eos,
690 2629 883 2712 quibuscum*
899 2629 1043 2693 Socrates
1066 2631 1185 2694 Timaei
1205 2631 1297 2694 initio
1320 2631 1529 2715 colloquatur,

355 2736 395 2798 de
422 2733 550 2796 civitate
580 2738 700 2796 tantum
732 2733 858 2796 habitos
889 2753 1052 2798 sermones
1081 2735 1191 2800 audire
1221 2734 1357 2798 voluisse
1388 2733 1530 2818 su·mit*).

355 2837 450 2900 Cuius
479 2837 658 2900 sententiae
682 2837 772 2919 quasi
802 2856 910 2900 ansam
932 2838 1056 2901 dedisse
1079 2838 1226 2902 uidentur
1247 2838 1385 2902 Platonis
1407 2840 1528 2903 verba:

353 2935 406 3006 διὸ
428 2945 483 3005 καὶ
502 2943 591 3027 χθὲς
612 2935 673 3024 ἐγὼ
695 2936 927 3024 διανοούμενος
941 2935 1032 3027 ὑμῶν
1047 2942 1206 3025 δεομένων
1221 2937 1262 3006 τὰ
1277 2946 1348 3027 περὶ
1365 2941 1422 3021 τῆς
1436 2945 1530 3008 πολι·

352 3046 441 3120 τοίας
453 3045 600 3108 διελθεῖν
615 3038 801 3128 προθύμως
815 3037 1018 3132 ἐχαριζόμην.
1044 3046 1106 3122 Sed
1129 3047 1215 3128 quid,
1240 3065 1371 3129 quaeso,
1395 3046 1532 3116 hisver-

353 3148 403 3212 bis
426 3146 519 3221 inest,
544 3169 585 3211 ex
608 3167 670 3230 quo
693 3148 842 3230 colligere
864 3148 978 3229 possis,
1003 3168 1058 3211 eos
1081 3150 1194 3232 quibus
1216 3150 1390 3213 narraverit
1405 3151 1531 3232 bester-

351 3273 428 3315 num
458 3270 638 3315 sermonem
666 3251 832 3325 Socrates,
868 3251 991 3313 omissis
1013 3252 1165 3335 reliquis,
1198 3254 1237 3316 de
1261 3253 1384 3316 civitate
1406 3259 1528 3318 tantum

352 3353 434 3418 dicta
457 3354 566 3418 audire
594 3351 755 3417 voluisse'l
799 3354 882 3430 Quid
908 3361 975 3418 tum
1004 3349 1059 3418 fiet
1084 3357 1145 3420 bo‘c
1173 3357 1311 3420 Platonis
1332 3357 1423 3431 loco,
1447 3341 1526 3444 Ἆρ’

351 3443 409 3524 οὖν
431 3453 470 3537 δὴ
493 3445 738 3541 διεληλύθαμεν
759 3451 829 3538 ἤδη,
857 3452 1045 3545 καθάπερ
1068 3462 1149 3544 χθὲ
1157 3485 1173 3535 ς
1182 3509 1190 3538 ,
1213 3453 1255 3536 ὡς
1279 3459 1312 3524 ἐν
1334 3458 1529 3547 κεφαλαίοις

350 3555 450 3628 πάλιν
488 3561 702 3641 ἐπανελθεῐνς
739 3555 759 3639 ἢ
789 3560 1004 3644 ποθοῦμεν
1037 3557 1098 3626 ’ἑτι
1131 3585 1170 3626 τι
1207 3562 1284 3626 τῶν
1313 3561 1528 3650 ῥηθέντων

350 3659 698 3749 ἀπολοινοόμονονς
726 3666 786 3730 Τι.
811 3659 1012 3750 οὐδαμῶς,
1039 3659 1249 3730 ἀλλάὐτόι
1276 3659 1380 3730 ταῦτ’
1407 3649 1453 3744 ἦν
1478 3661 1528 3730 τὰ

348 3770 576 3855 λεχθέντα,
600 3753 625 3832 ὦ
649 3761 881 3856 Σώκρατες.
926 3769 1024 3832 Porro
1047 3771 1087 3832 ad
1109 3770 1171 3834 boc
1185 3770 1279 3834 etium
1294 3771 1370 3834 mihi
1385 3771 1525 3836 animum

418 4041 440 4109 *l
460 4044 499 4096 Gt.
518 4045 616 4095 lotrcd.
637 4047 666 4096 lu
682 4043 762 4106 prl.
785 4057 811 4106 p.
832 4043 875 4094 68.
913 4043 994 4095 chse
1013 4055 1067 4092 nuo
1085 4043 1187 4104 butten,
1207 4045 1256 4095 ule
1276 4055 1323 4094 aus
1336 4044 1388 4095 den
1402 4045 1523 4109 dortlgeo

347 4132 553 4198 leucerungen
579 4135 754 4198 bervorgebt,
789 4147 853 4199 ganz
878 4133 1018 4198 algentltch
1045 4132 1170 4183 Serretes
1188 4133 1282 4184 Redeu
1300 4147 1359 4185 vom
1380 4135 1469 4186 strate
1490 4148 1524 4186 ru

347 4225 432 4276 borco
451 4225 576 4289 begebrt3
597 4224 651 4274 und
670 4237 745 4277 wenc
766 4237 795 4274 er
812 4224 896 4287 gletcb
916 4223 1024 4274 desbrlb
1044 4222 1086 4272 dte
1106 4233 1186 4285 genre
1200 4223 1387 4288 Verbrndloog
1401 4224 1525 4276 crzlblco

349 4327 431 4377 musa,
451 4328 480 4367 rc
500 4314 572 4366 obeb
594 4313 637 4365 tor
655 4315 693 4366 sle
713 4313 780 4365 doch
800 4313 848 4365 dar
866 4314 939 4364 Stant
958 4312 1001 4363 dte
1020 4311 1201 4373 Hauptracbc.
