<?xml version="1.0" encoding="UTF-8"?>
<!DOCTYPE html PUBLIC "-//W3C//DTD XHTML 1.0 Transitional//EN"
    "http://www.w3.org/TR/xhtml1/DTD/xhtml1-transitional.dtd">
<html xmlns="http://www.w3.org/1999/xhtml" xml:lang="en" lang="en">
 <head>
  <title>
</title>
<meta http-equiv="Content-Type" content="text/html;charset=utf-8" />
  <meta name='ocr-system' content='tesseract 3.04.00' />
  <meta name='ocr-capabilities' content='ocr_page ocr_carea ocr_par ocr_line ocrx_word'/>
</head>
<body>
  <div class='ocr_page' id='page_1' title='image "./prolegomenaadpl00rettgoog_0305.png"; bbox 0 0 3296 5232; ppageno 0'>
   <div class='ocr_carea' id='block_1_1' title="bbox 880 407 1112 476">
    <p class='ocr_par' dir='ltr' id='par_1_1' title="bbox 880 407 1112 476">
     <span class='ocr_line' id='line_1_1' title="bbox 880 407 1112 476; baseline -0.004 -15"><span class='ocrx_word' id='word_1_1' title='bbox 880 407 1112 476; x_wconf 65' lang='lat' dir='ltr'><strong>...m-</strong></span> 
     </span>
    </p>
   </div>
   <div class='ocr_carea' id='block_1_2' title="bbox 404 567 1612 760">
    <p class='ocr_par' dir='ltr' id='par_1_2' title="bbox 404 567 1612 760">
     <span class='ocr_line' id='line_1_2' title="bbox 404 567 1612 655; baseline 0 -17"><span class='ocrx_word' id='word_1_2' title='bbox 404 570 591 638; x_wconf 83' lang='lat' dir='ltr'><strong>educatione</strong></span> <span class='ocrx_word' id='word_1_3' title='bbox 624 567 712 636; x_wconf 82' lang='lat' dir='ltr'><strong>cirili</strong></span> <span class='ocrx_word' id='word_1_4' title='bbox 742 567 918 654; x_wconf 75' lang='lat' dir='ltr'><strong>(politirche</strong></span> <span class='ocrx_word' id='word_1_5' title='bbox 937 569 1127 655; x_wconf 81' lang='lat' dir='ltr'><strong>Rriiebung)</strong></span> <span class='ocrx_word' id='word_1_6' title='bbox 1155 567 1323 636; x_wconf 88' lang='lat' dir='ltr'><strong>coniuncta</strong></span> <span class='ocrx_word' id='word_1_7' title='bbox 1353 589 1437 645; x_wconf 86' lang='lat' dir='ltr'><strong>esse,</strong></span> <span class='ocrx_word' id='word_1_8' title='bbox 1465 576 1495 636; x_wconf 89' lang='lat' dir='ltr'><strong>et</strong></span> <span class='ocrx_word' id='word_1_9' title='bbox 1510 573 1558 638; x_wconf 89' lang='lat' dir='ltr'><strong>boc</strong></span> <span class='ocrx_word' id='word_1_10' title='bbox 1611 631 1612 650; x_wconf 49' lang='lat'><strong>,</strong></span> 
     </span>
     <span class='ocr_line' id='line_1_3' title="bbox 404 671 1612 760; baseline -0.002 -20"><span class='ocrx_word' id='word_1_11' title='bbox 404 677 476 760; x_wconf 85' lang='lat' dir='ltr'><strong>ipso</strong></span> <span class='ocrx_word' id='word_1_12' title='bbox 496 673 567 740; x_wconf 85' lang='lat' dir='ltr'><strong>loeo</strong></span> <span class='ocrx_word' id='word_1_13' title='bbox 590 671 738 750; x_wconf 79' lang='lat' dir='ltr'><strong>dixisset,</strong></span> <span class='ocrx_word' id='word_1_14' title='bbox 764 673 803 740; x_wconf 87' lang='lat' dir='ltr'><strong>de</strong></span> <span class='ocrx_word' id='word_1_15' title='bbox 825 674 896 739; x_wconf 89' lang='lat' dir='ltr'><strong>idea</strong></span> <span class='ocrx_word' id='word_1_16' title='bbox 911 673 1004 750; x_wconf 90' lang='lat' dir='ltr'><strong>boni,</strong></span> <span class='ocrx_word' id='word_1_17' title='bbox 1027 693 1109 760; x_wconf 81' lang='lat' dir='ltr'><strong>gnae</strong></span> <span class='ocrx_word' id='word_1_18' title='bbox 1124 673 1299 739; x_wconf 86' lang='lat' dir='ltr'><strong>arctissime</strong></span> <span class='ocrx_word' id='word_1_19' title='bbox 1321 672 1484 740; x_wconf 78' lang='lat' dir='ltr'><strong>cohaereat</strong></span> <span class='ocrx_word' id='word_1_20' title='bbox 1502 697 1558 739; x_wconf 89' lang='lat' dir='ltr'><strong>eun</strong></span> <span class='ocrx_word' id='word_1_21' title='bbox 1611 679 1612 692; x_wconf 61' lang='lat'>¹</span> 
     </span>
    </p>
   </div>
   <div class='ocr_carea' id='block_1_3' title="bbox 401 776 1559 960">
    <p class='ocr_par' dir='ltr' id='par_1_3' title="bbox 401 776 1559 960">
     <span class='ocr_line' id='line_1_4' title="bbox 403 776 1559 863; baseline 0.002 -20"><span class='ocrx_word' id='word_1_22' title='bbox 403 777 533 844; x_wconf 91' lang='lat' dir='ltr'><strong>notione</strong></span> <span class='ocrx_word' id='word_1_23' title='bbox 554 776 700 853; x_wconf 80' lang='lat' dir='ltr'><strong>virtutis,</strong></span> <span class='ocrx_word' id='word_1_24' title='bbox 724 778 786 843; x_wconf 91' lang='lat' dir='ltr'><strong>dici</strong></span> <span class='ocrx_word' id='word_1_25' title='bbox 807 780 937 844; x_wconf 89' lang='lat' dir='ltr'><strong>omnino</strong></span> <span class='ocrx_word' id='word_1_26' title='bbox 958 796 1022 842; x_wconf 93' lang='lat' dir='ltr'><strong>non</strong></span> <span class='ocrx_word' id='word_1_27' title='bbox 1040 776 1197 863; x_wconf 88' lang='lat' dir='ltr'><strong>potuisse,</strong></span> <span class='ocrx_word' id='word_1_28' title='bbox 1219 779 1281 842; x_wconf 89' lang='lat' dir='ltr'><strong>nisi</strong></span> <span class='ocrx_word' id='word_1_29' title='bbox 1296 786 1404 842; x_wconf 86' lang='lat' dir='ltr'><strong>nostra</strong></span> <span class='ocrx_word' id='word_1_30' title='bbox 1417 779 1559 845; x_wconf 74' lang='lat' dir='ltr'><strong>interesset</strong></span> 
     </span>
     <span class='ocr_line' id='line_1_5' title="bbox 401 879 1557 960; baseline -0.001 -12"><span class='ocrx_word' id='word_1_31' title='bbox 401 880 499 948; x_wconf 77' lang='lat' dir='ltr'><strong>vitam</strong></span> <span class='ocrx_word' id='word_1_32' title='bbox 519 888 661 947; x_wconf 86' lang='lat' dir='ltr'><strong>nostram</strong></span> <span class='ocrx_word' id='word_1_33' title='bbox 689 888 774 946; x_wconf 89' lang='lat' dir='ltr'><strong>recte</strong></span> <span class='ocrx_word' id='word_1_34' title='bbox 795 881 950 960; x_wconf 86' lang='lat' dir='ltr'><strong>ordinari,</strong></span> <span class='ocrx_word' id='word_1_35' title='bbox 976 884 1010 945; x_wconf 89' lang='lat' dir='ltr'><strong>b.</strong></span> <span class='ocrx_word' id='word_1_36' title='bbox 1034 899 1062 944; x_wconf 91' lang='lat' dir='ltr'><strong>e.</strong></span> <span class='ocrx_word' id='word_1_37' title='bbox 1084 879 1145 946; x_wconf 85' lang='lat' dir='ltr'><strong>niel</strong></span> <span class='ocrx_word' id='word_1_38' title='bbox 1166 883 1292 952; x_wconf 87' lang='lat' dir='ltr'><strong>virtutis</strong></span> <span class='ocrx_word' id='word_1_39' title='bbox 1314 879 1457 946; x_wconf 76' lang='lat' dir='ltr'><strong>defensio</strong></span> <span class='ocrx_word' id='word_1_40' title='bbox 1476 887 1557 947; x_wconf 89' lang='lat' dir='ltr'><strong>toton</strong></span> 
     </span>
    </p>
   </div>
   <div class='ocr_carea' id='block_1_4' title="bbox 403 983 1612 1072">
    <p class='ocr_par' dir='ltr' id='par_1_4' title="bbox 403 983 1612 1072">
     <span class='ocr_line' id='line_1_6' title="bbox 403 983 1612 1072; baseline -0.001 -21"><span class='ocrx_word' id='word_1_41' title='bbox 403 1005 483 1072; x_wconf 81' lang='lat' dir='ltr'><strong>epus</strong></span> <span class='ocrx_word' id='word_1_42' title='bbox 498 984 836 1070; x_wconf 72' lang='lat' dir='ltr'><strong>duceretetrogeret,¹</strong></span> <span class='ocrx_word' id='word_1_43' title='bbox 852 985 911 1050; x_wconf 83' lang='lat' dir='ltr'><strong>ite</strong></span> <span class='ocrx_word' id='word_1_44' title='bbox 932 986 1033 1049; x_wconf 83' lang='lat' dir='ltr'><strong>fieri</strong></span> <span class='ocrx_word' id='word_1_45' title='bbox 1054 983 1282 1049; x_wconf 72' lang='lat' dir='ltr'><strong>affirmans</strong></span> <span class='ocrx_word' id='word_1_46' title='bbox 1304 983 1557 1050; x_wconf 88' lang='lat' dir='ltr'><strong>utdialectica</strong></span> <span class='ocrx_word' id='word_1_47' title='bbox 1611 985 1612 988; x_wconf 66' lang='grc'>’</span> 
     </span>
    </p>
   </div>
   <div class='ocr_carea' id='block_1_5' title="bbox 401 1087 1560 1794">
    <p class='ocr_par' dir='ltr' id='par_1_5' title="bbox 401 1087 1560 1794">
     <span class='ocr_line' id='line_1_7' title="bbox 405 1087 1560 1172; baseline -0.001 -18"><span class='ocrx_word' id='word_1_48' title='bbox 405 1091 536 1154; x_wconf 84' lang='lat' dir='ltr'><strong>emnia</strong></span> <span class='ocrx_word' id='word_1_49' title='bbox 556 1090 737 1172; x_wconf 87' lang='lat' dir='ltr'><strong>priorum</strong></span> <span class='ocrx_word' id='word_1_50' title='bbox 767 1109 997 1155; x_wconf 79' lang='lat' dir='ltr'><strong>sermonum</strong></span> <span class='ocrx_word' id='word_1_51' title='bbox 1026 1089 1092 1152; x_wconf 91' lang='lat' dir='ltr'><strong>hic</strong></span> <span class='ocrx_word' id='word_1_52' title='bbox 1121 1095 1380 1172; x_wconf 89' lang='lat' dir='ltr'><strong>repetantur,</strong></span> <span class='ocrx_word' id='word_1_53' title='bbox 1412 1087 1560 1153; x_wconf 83' lang='lat' dir='ltr'><strong>intense</strong></span> 
     </span>
     <span class='ocr_line' id='line_1_8' title="bbox 404 1191 1560 1280; baseline -0.002 -22"><span class='ocrx_word' id='word_1_54' title='bbox 404 1194 718 1277; x_wconf 88' lang='lat' dir='ltr'><strong>coniungantur,</strong></span> <span class='ocrx_word' id='word_1_55' title='bbox 751 1200 788 1258; x_wconf 89' lang='lat' dir='ltr'><strong>et</strong></span> <span class='ocrx_word' id='word_1_56' title='bbox 813 1191 931 1277; x_wconf 90' lang='lat' dir='ltr'><strong>quasi</strong></span> <span class='ocrx_word' id='word_1_57' title='bbox 956 1191 1198 1258; x_wconf 80' lang='lat' dir='ltr'><strong>conclusere</strong></span> <span class='ocrx_word' id='word_1_58' title='bbox 1224 1195 1396 1280; x_wconf 90' lang='lat' dir='ltr'><strong>quadam</strong></span> <span class='ocrx_word' id='word_1_59' title='bbox 1424 1191 1560 1256; x_wconf 78' lang='lat' dir='ltr'><strong>firmen-</strong></span> 
     </span>
     <span class='ocr_line' id='line_1_9' title="bbox 404 1294 1560 1388; baseline -0.001 -28"><span class='ocrx_word' id='word_1_60' title='bbox 404 1301 487 1375; x_wconf 83' lang='lat' dir='ltr'><strong>tur3</strong></span> <span class='ocrx_word' id='word_1_61' title='bbox 516 1297 551 1376; x_wconf 77' lang='lat' dir='ltr'><strong>b)</strong></span> <span class='ocrx_word' id='word_1_62' title='bbox 579 1311 722 1380; x_wconf 87' lang='lat' dir='ltr'><strong>pugnare</strong></span> <span class='ocrx_word' id='word_1_63' title='bbox 743 1317 859 1362; x_wconf 79' lang='lat' dir='ltr'><strong>secum</strong></span> <span class='ocrx_word' id='word_1_64' title='bbox 889 1294 1213 1388; x_wconf 80' lang='lat' dir='ltr'><strong>Schleiermaehernm</strong></span> <span class='ocrx_word' id='word_1_65' title='bbox 1240 1297 1354 1360; x_wconf 85' lang='lat' dir='ltr'><strong>iterum</strong></span> <span class='ocrx_word' id='word_1_66' title='bbox 1390 1315 1428 1359; x_wconf 90' lang='lat' dir='ltr'><strong>ac</strong></span> <span class='ocrx_word' id='word_1_67' title='bbox 1459 1294 1560 1378; x_wconf 84' lang='lat' dir='ltr'><strong>saepius</strong></span> 
     </span>
     <span class='ocr_line' id='line_1_10' title="bbox 401 1398 1558 1474; baseline -0.002 -10"><span class='ocrx_word' id='word_1_68' title='bbox 401 1419 486 1466; x_wconf 88' lang='lat' dir='ltr'><strong>nunc</strong></span> <span class='ocrx_word' id='word_1_69' title='bbox 506 1421 571 1466; x_wconf 89' lang='lat' dir='ltr'><strong>non</strong></span> <span class='ocrx_word' id='word_1_70' title='bbox 598 1400 700 1465; x_wconf 90' lang='lat' dir='ltr'><strong>solum</strong></span> <span class='ocrx_word' id='word_1_71' title='bbox 727 1398 952 1474; x_wconf 84' lang='lat' dir='ltr'><strong>affirmantem,</strong></span> <span class='ocrx_word' id='word_1_72' title='bbox 981 1420 1053 1464; x_wconf 89' lang='lat' dir='ltr'><strong>cum</strong></span> <span class='ocrx_word' id='word_1_73' title='bbox 1080 1411 1227 1465; x_wconf 89' lang='lat' dir='ltr'><strong>sermone</strong></span> <span class='ocrx_word' id='word_1_74' title='bbox 1253 1400 1299 1464; x_wconf 87' lang='lat' dir='ltr'><strong>de·</strong></span> <span class='ocrx_word' id='word_1_75' title='bbox 1322 1398 1461 1464; x_wconf 87' lang='lat' dir='ltr'><strong>iustitiae</strong></span> <span class='ocrx_word' id='word_1_76' title='bbox 1485 1399 1558 1463; x_wconf 89' lang='lat' dir='ltr'><strong>lande</strong></span> 
     </span>
     <span class='ocr_line' id='line_1_11' title="bbox 403 1500 1560 1589; baseline -0.004 -19"><span class='ocrx_word' id='word_1_77' title='bbox 403 1503 539 1570; x_wconf 76' lang='lat' dir='ltr'><strong>uatnrdi</strong></span> <span class='ocrx_word' id='word_1_78' title='bbox 561 1501 698 1587; x_wconf 84' lang='lat' dir='ltr'><strong>quodam</strong></span> <span class='ocrx_word' id='word_1_79' title='bbox 720 1502 847 1571; x_wconf 86' lang='lat' dir='ltr'><strong>vinculo</strong></span> <span class='ocrx_word' id='word_1_80' title='bbox 869 1507 1042 1568; x_wconf 85' lang='lat' dir='ltr'><strong>cohaerere</strong></span> <span class='ocrx_word' id='word_1_81' title='bbox 1072 1501 1317 1589; x_wconf 85' lang='lat' dir='ltr'><strong>disputationem</strong></span> <span class='ocrx_word' id='word_1_82' title='bbox 1345 1506 1384 1567; x_wconf 91' lang='lat' dir='ltr'><strong>de</strong></span> <span class='ocrx_word' id='word_1_83' title='bbox 1416 1501 1486 1566; x_wconf 88' lang='lat' dir='ltr'><strong>idea</strong></span> <span class='ocrx_word' id='word_1_84' title='bbox 1504 1500 1560 1565; x_wconf 91' lang='lat' dir='ltr'><strong>boni</strong></span> 
     </span>
     <span class='ocr_line' id='line_1_12' title="bbox 406 1603 1560 1691; baseline -0.005 -17"><span class='ocrx_word' id='word_1_85' title='bbox 406 1615 439 1674; x_wconf 89' lang='lat' dir='ltr'><strong>ot</strong></span> <span class='ocrx_word' id='word_1_86' title='bbox 457 1606 624 1672; x_wconf 87' lang='lat' dir='ltr'><strong>dialectica</strong></span> <span class='ocrx_word' id='word_1_87' title='bbox 645 1605 764 1680; x_wconf 86' lang='lat' dir='ltr'><strong>omnia,</strong></span> <span class='ocrx_word' id='word_1_88' title='bbox 790 1613 822 1670; x_wconf 88' lang='lat' dir='ltr'><strong>et</strong></span> <span class='ocrx_word' id='word_1_89' title='bbox 842 1610 1068 1673; x_wconf 76' lang='lat' dir='ltr'><strong>concedentem</strong></span> <span class='ocrx_word' id='word_1_90' title='bbox 1091 1605 1185 1670; x_wconf 88' lang='lat' dir='ltr'><strong>etiam</strong></span> <span class='ocrx_word' id='word_1_91' title='bbox 1206 1604 1246 1670; x_wconf 90' lang='lat' dir='ltr'><strong>ad</strong></span> <span class='ocrx_word' id='word_1_92' title='bbox 1260 1603 1496 1691; x_wconf 88' lang='lat' dir='ltr'><strong>Rempublioam</strong></span> <span class='ocrx_word' id='word_1_93' title='bbox 1508 1625 1560 1688; x_wconf 89' lang='lat' dir='ltr'><strong>per·</strong></span> 
     </span>
     <span class='ocr_line' id='line_1_13' title="bbox 404 1707 1559 1794; baseline -0.003 -18"><span class='ocrx_word' id='word_1_94' title='bbox 404 1712 507 1776; x_wconf 86' lang='lat' dir='ltr'><strong>tinere</strong></span> <span class='ocrx_word' id='word_1_95' title='bbox 528 1731 592 1776; x_wconf 91' lang='lat' dir='ltr'><strong>non</strong></span> <span class='ocrx_word' id='word_1_96' title='bbox 614 1709 716 1776; x_wconf 90' lang='lat' dir='ltr'><strong>solnm</strong></span> <span class='ocrx_word' id='word_1_97' title='bbox 738 1709 818 1775; x_wconf 91' lang='lat' dir='ltr'><strong>banc</strong></span> <span class='ocrx_word' id='word_1_98' title='bbox 839 1731 922 1785; x_wconf 89' lang='lat' dir='ltr'><strong>rem,</strong></span> <span class='ocrx_word' id='word_1_99' title='bbox 939 1709 1009 1776; x_wconf 85' lang='lat' dir='ltr'><strong>-sed</strong></span> <span class='ocrx_word' id='word_1_100' title='bbox 1030 1712 1123 1775; x_wconf 89' lang='lat' dir='ltr'><strong>etiam</strong></span> <span class='ocrx_word' id='word_1_101' title='bbox 1152 1709 1398 1794; x_wconf 88' lang='lat' dir='ltr'><strong>disputationem</strong></span> <span class='ocrx_word' id='word_1_102' title='bbox 1428 1707 1467 1773; x_wconf 93' lang='lat' dir='ltr'><strong>de</strong></span> <span class='ocrx_word' id='word_1_103' title='bbox 1493 1707 1559 1792; x_wconf 80' lang='lat' dir='ltr'><strong>poisl</strong></span> 
     </span>
    </p>
   </div>
   <div class='ocr_carea' id='block_1_6' title="bbox 406 1811 1612 1903">
    <p class='ocr_par' dir='ltr' id='par_1_6' title="bbox 406 1811 1612 1903">
     <span class='ocr_line' id='line_1_14' title="bbox 406 1811 1612 1903; baseline -0.005 -23"><span class='ocrx_word' id='word_1_104' title='bbox 406 1813 552 1891; x_wconf 87' lang='lat' dir='ltr'><strong>mimica,</strong></span> <span class='ocrx_word' id='word_1_105' title='bbox 578 1835 676 1900; x_wconf 89' lang='lat' dir='ltr'><strong>quum</strong></span> <span class='ocrx_word' id='word_1_106' title='bbox 689 1816 783 1903; x_wconf 91' lang='lat' dir='ltr'><strong>paulo</strong></span> <span class='ocrx_word' id='word_1_107' title='bbox 798 1821 870 1883; x_wconf 88' lang='lat' dir='ltr'><strong>ante</strong></span> <span class='ocrx_word' id='word_1_108' title='bbox 886 1812 1013 1880; x_wconf 87' lang='lat' dir='ltr'><strong>difficile</strong></span> <span class='ocrx_word' id='word_1_109' title='bbox 1028 1833 1097 1879; x_wconf 90' lang='lat' dir='ltr'><strong>esse</strong></span> <span class='ocrx_word' id='word_1_110' title='bbox 1112 1811 1248 1900; x_wconf 89' lang='lat' dir='ltr'><strong>probatu</strong></span> <span class='ocrx_word' id='word_1_111' title='bbox 1262 1811 1453 1888; x_wconf 85' lang='lat' dir='ltr'><strong>iudicasset,</strong></span> <span class='ocrx_word' id='word_1_112' title='bbox 1476 1832 1559 1899; x_wconf 81' lang='lat' dir='ltr'><strong>quen·</strong></span> <span class='ocrx_word' id='word_1_113' title='bbox 1611 1843 1612 1896; x_wconf 43' lang='lat' dir='ltr'><strong>p</strong></span> 
     </span>
    </p>
   </div>
   <div class='ocr_carea' id='block_1_7' title="bbox 404 1913 1612 2316">
    <p class='ocr_par' dir='ltr' id='par_1_7' title="bbox 404 1913 1612 2328">
     <span class='ocr_line' id='line_1_15' title="bbox 406 1913 1612 2000; baseline -0.003 -17"><span class='ocrx_word' id='word_1_114' title='bbox 406 1917 577 1985; x_wconf 80' lang='lat' dir='ltr'><strong>admodum</strong></span> <span class='ocrx_word' id='word_1_115' title='bbox 598 1917 657 1985; x_wconf 90' lang='lat' dir='ltr'><strong>bae</strong></span> <span class='ocrx_word' id='word_1_116' title='bbox 678 1939 730 1986; x_wconf 87' lang='lat' dir='ltr'><strong>res</strong></span> <span class='ocrx_word' id='word_1_117' title='bbox 752 1940 825 1985; x_wconf 87' lang='lat' dir='ltr'><strong>cnm</strong></span> <span class='ocrx_word' id='word_1_118' title='bbox 850 1938 915 1984; x_wconf 90' lang='lat' dir='ltr'><strong>uno</strong></span> <span class='ocrx_word' id='word_1_119' title='bbox 942 1917 1082 1983; x_wconf 85' lang='lat' dir='ltr'><strong>alterove</strong></span> <span class='ocrx_word' id='word_1_120' title='bbox 1109 1915 1224 2000; x_wconf 83' lang='lat' dir='ltr'><strong>Operis</strong></span> <span class='ocrx_word' id='word_1_121' title='bbox 1245 1913 1307 1981; x_wconf 89' lang='lat' dir='ltr'><strong>line</strong></span> <span class='ocrx_word' id='word_1_122' title='bbox 1328 1915 1507 1980; x_wconf 85' lang='lat' dir='ltr'><strong>necessario</strong></span> <span class='ocrx_word' id='word_1_123' title='bbox 1522 1933 1559 1979; x_wconf 79' lang='lat' dir='ltr'><strong>co</strong></span> <span class='ocrx_word' id='word_1_124' title='bbox 1611 1927 1612 1932; x_wconf 75' lang='grc'>’</span> 
     </span>
     <span class='ocr_line' id='line_1_16' title="bbox 404 2007 1612 2110; baseline -0.006 -21"><span class='ocrx_word' id='word_1_125' title='bbox 404 2020 592 2100; x_wconf 81' lang='lat' dir='ltr'><strong>haererent3</strong></span> <span class='ocrx_word' id='word_1_126' title='bbox 616 2021 657 2088; x_wconf 77' lang='lat' dir='ltr'><strong>oi.</strong></span> <span class='ocrx_word' id='word_1_127' title='bbox 680 2044 712 2110; x_wconf 89' lang='lat' dir='ltr'><strong>p.</strong></span> <span class='ocrx_word' id='word_1_128' title='bbox 735 2027 788 2088; x_wconf 84' lang='lat'><strong>65.</strong></span> <span class='ocrx_word' id='word_1_129' title='bbox 812 2021 927 2088; x_wconf 86' lang='lat' dir='ltr'><strong>introd.</strong></span> <span class='ocrx_word' id='word_1_130' title='bbox 949 2020 979 2106; x_wconf 83' lang='lat'><strong>5)</strong></span> <span class='ocrx_word' id='word_1_131' title='bbox 1002 2023 1095 2110; x_wconf 63' lang='lat' dir='ltr'><strong>quod«</strong></span> <span class='ocrx_word' id='word_1_132' title='bbox 1111 2019 1232 2086; x_wconf 87' lang='lat' dir='ltr'><strong>Glauco</strong></span> <span class='ocrx_word' id='word_1_133' title='bbox 1252 2027 1286 2084; x_wconf 88' lang='lat' dir='ltr'><strong>ct</strong></span> <span class='ocrx_word' id='word_1_134' title='bbox 1306 2021 1489 2084; x_wconf 76' lang='lat' dir='ltr'><strong>Adimantus</strong></span> <span class='ocrx_word' id='word_1_135' title='bbox 1507 2017 1559 2082; x_wconf 89' lang='lat' dir='ltr'><strong>reli·</strong></span> <span class='ocrx_word' id='word_1_136' title='bbox 1611 2007 1612 2082; x_wconf 67' lang='grc' dir='ltr'>ἶ</span> 
     </span>
     <span class='ocr_line' id='line_1_17' title="bbox 406 2122 1559 2212; baseline -0.005 -22"><span class='ocrx_word' id='word_1_137' title='bbox 406 2125 525 2212; x_wconf 89' lang='lat' dir='ltr'><strong>quique</strong></span> <span class='ocrx_word' id='word_1_138' title='bbox 546 2146 655 2191; x_wconf 91' lang='lat' dir='ltr'><strong>omnes</strong></span> <span class='ocrx_word' id='word_1_139' title='bbox 678 2125 732 2210; x_wconf 92' lang='lat' dir='ltr'><strong>qni</strong></span> <span class='ocrx_word' id='word_1_140' title='bbox 753 2125 812 2191; x_wconf 89' lang='lat' dir='ltr'><strong>bos</strong></span> <span class='ocrx_word' id='word_1_141' title='bbox 835 2124 974 2192; x_wconf 88' lang='lat' dir='ltr'><strong>Socratis</strong></span> <span class='ocrx_word' id='word_1_142' title='bbox 1002 2143 1167 2190; x_wconf 85' lang='lat' dir='ltr'><strong>sermones</strong></span> <span class='ocrx_word' id='word_1_143' title='bbox 1197 2122 1382 2189; x_wconf 85' lang='lat' dir='ltr'><strong>audiverant</strong></span> <span class='ocrx_word' id='word_1_144' title='bbox 1406 2124 1559 2195; x_wconf 89' lang='lat' dir='ltr'><strong>discedant,</strong></span> 
     </span>
     <span class='ocr_line' id='line_1_18' title="bbox 406 2225 1560 2316; baseline -0.005 -22"><span class='ocrx_word' id='word_1_145' title='bbox 406 2228 486 2295; x_wconf 90' lang='lat' dir='ltr'><strong>nibil</strong></span> <span class='ocrx_word' id='word_1_146' title='bbox 506 2228 641 2312; x_wconf 88' lang='lat' dir='ltr'><strong>amplius</strong></span> <span class='ocrx_word' id='word_1_147' title='bbox 663 2237 897 2316; x_wconf 81' lang='lat' dir='ltr'><strong>exspectantes,</strong></span> <span class='ocrx_word' id='word_1_148' title='bbox 928 2229 1002 2294; x_wconf 93' lang='lat' dir='ltr'><strong>inde</strong></span> <span class='ocrx_word' id='word_1_149' title='bbox 1023 2230 1224 2313; x_wconf 77' lang='lat' dir='ltr'><strong>consequi,</strong></span> <span class='ocrx_word' id='word_1_150' title='bbox 1251 2247 1321 2292; x_wconf 89' lang='lat' dir='ltr'><strong>esse</strong></span> <span class='ocrx_word' id='word_1_151' title='bbox 1347 2225 1560 2314; x_wconf 88' lang='lat' dir='ltr'><strong>Rempnblican</strong></span> 
     </span>
    </p>
   </div>
   <div class='ocr_carea' id='block_1_8' title="bbox 406 2329 1612 2418">
    <p class='ocr_par' dir='ltr' id='par_1_8' title="bbox 406 2329 1612 2418">
     <span class='ocr_line' id='line_1_19' title="bbox 406 2329 1612 2418; baseline -0.008 -19"><span class='ocrx_word' id='word_1_152' title='bbox 406 2334 498 2418; x_wconf 79' lang='lat' dir='ltr'><strong>guasi</strong></span> <span class='ocrx_word' id='word_1_153' title='bbox 525 2333 746 2399; x_wconf 78' lang='lat' dir='ltr'><strong>conclusurum</strong></span> <span class='ocrx_word' id='word_1_154' title='bbox 776 2335 916 2398; x_wconf 90' lang='lat' dir='ltr'><strong>omnium</strong></span> <span class='ocrx_word' id='word_1_155' title='bbox 946 2333 1091 2416; x_wconf 89' lang='lat' dir='ltr'><strong>priorum</strong></span> <span class='ocrx_word' id='word_1_156' title='bbox 1120 2329 1381 2417; x_wconf 76' lang='lat' dir='ltr'><strong>disputationum,</strong></span> <span class='ocrx_word' id='word_1_157' title='bbox 1419 2332 1475 2396; x_wconf 90' lang='lat' dir='ltr'><strong>sed</strong></span> <span class='ocrx_word' id='word_1_158' title='bbox 1503 2347 1560 2414; x_wconf 87' lang='lat' dir='ltr'><strong>opu</strong></span> <span class='ocrx_word' id='word_1_159' title='bbox 1611 2329 1612 2382; x_wconf 73' lang='grc' dir='ltr'>ἑ</span> 
     </span>
    </p>
   </div>
   <div class='ocr_carea' id='block_1_9' title="bbox 406 2434 1560 2624">
    <p class='ocr_par' dir='ltr' id='par_1_9' title="bbox 406 2434 1560 2624">
     <span class='ocr_line' id='line_1_20' title="bbox 406 2434 1560 2523; baseline -0.009 -20"><span class='ocrx_word' id='word_1_160' title='bbox 406 2459 466 2522; x_wconf 91' lang='lat' dir='ltr'><strong>per</strong></span> <span class='ocrx_word' id='word_1_161' title='bbox 485 2458 521 2503; x_wconf 90' lang='lat' dir='ltr'><strong>se</strong></span> <span class='ocrx_word' id='word_1_162' title='bbox 543 2436 670 2523; x_wconf 89' lang='lat' dir='ltr'><strong>plenum</strong></span> <span class='ocrx_word' id='word_1_163' title='bbox 692 2445 724 2502; x_wconf 87' lang='lat' dir='ltr'><strong>et</strong></span> <span class='ocrx_word' id='word_1_164' title='bbox 737 2434 940 2514; x_wconf 68' lang='lat' dir='ltr'><strong>,absolutum</strong></span> <span class='ocrx_word' id='word_1_165' title='bbox 962 2434 992 2520; x_wconf 85' lang='lat' dir='ltr'><strong>o)</strong></span> <span class='ocrx_word' id='word_1_166' title='bbox 1015 2434 1460 2521; x_wconf 79' lang='lat' dir='ltr'><strong>ipsum·Scbleiermacberum</strong></span> <span class='ocrx_word' id='word_1_167' title='bbox 1475 2449 1560 2496; x_wconf 89' lang='lat' dir='ltr'><strong>conce-</strong></span> 
     </span>
     <span class='ocr_line' id='line_1_21' title="bbox 406 2529 1559 2624; baseline -0.003 -17"><span class='ocrx_word' id='word_1_168' title='bbox 406 2540 484 2607; x_wconf 91' lang='lat' dir='ltr'><strong>dere</strong></span> <span class='ocrx_word' id='word_1_169' title='bbox 503 2543 649 2607; x_wconf 88' lang='lat' dir='ltr'><strong>iteratam</strong></span> <span class='ocrx_word' id='word_1_170' title='bbox 664 2540 875 2606; x_wconf 89' lang='lat' dir='ltr'><strong>narrationem</strong></span> <span class='ocrx_word' id='word_1_171' title='bbox 897 2541 1085 2618; x_wconf 77' lang='grc' dir='ltr'><strong><em>Πολιτείας,</em></strong></span> <span class='ocrx_word' id='word_1_172' title='bbox 1108 2529 1202 2624; x_wconf 83' lang='lat' dir='ltr'><strong>quam</strong></span> <span class='ocrx_word' id='word_1_173' title='bbox 1216 2557 1275 2604; x_wconf 90' lang='lat' dir='ltr'><strong>nos</strong></span> <span class='ocrx_word' id='word_1_174' title='bbox 1289 2537 1390 2602; x_wconf 89' lang='lat' dir='ltr'><strong>solam</strong></span> <span class='ocrx_word' id='word_1_175' title='bbox 1405 2535 1559 2604; x_wconf 79' lang='lat' dir='ltr'><strong>babeamus.</strong></span> 
     </span>
    </p>
   </div>
   <div class='ocr_carea' id='block_1_10' title="bbox 407 2641 1612 2732">
    <p class='ocr_par' dir='ltr' id='par_1_10' title="bbox 407 2641 1612 2732">
     <span class='ocr_line' id='line_1_22' title="bbox 407 2641 1612 2732; baseline -0.008 -21"><span class='ocrx_word' id='word_1_176' title='bbox 407 2648 448 2712; x_wconf 80' lang='lat' dir='ltr'><strong>ad</strong></span> <span class='ocrx_word' id='word_1_177' title='bbox 468 2644 696 2732; x_wconf 83' lang='lat' dir='ltr'><strong>rempublicam</strong></span> <span class='ocrx_word' id='word_1_178' title='bbox 710 2644 881 2729; x_wconf 88' lang='lat' dir='ltr'><strong>pertinere.</strong></span> <span class='ocrx_word' id='word_1_179' title='bbox 925 2644 990 2709; x_wconf 86' lang='lat' dir='ltr'><strong>Cur</strong></span> <span class='ocrx_word' id='word_1_180' title='bbox 1003 2643 1099 2728; x_wconf 89' lang='lat' dir='ltr'><strong>igitur</strong></span> <span class='ocrx_word' id='word_1_181' title='bbox 1112 2641 1204 2707; x_wconf 87' lang='lat' dir='ltr'><strong>aliter</strong></span> <span class='ocrx_word' id='word_1_182' title='bbox 1217 2645 1257 2706; x_wconf 89' lang='lat' dir='ltr'><strong>de</strong></span> <span class='ocrx_word' id='word_1_183' title='bbox 1273 2643 1380 2725; x_wconf 89' lang='lat' dir='ltr'><strong>operis</strong></span> <span class='ocrx_word' id='word_1_184' title='bbox 1397 2645 1559 2725; x_wconf 82' lang='lat' dir='ltr'><strong>argumento</strong></span> <span class='ocrx_word' id='word_1_185' title='bbox 1611 2663 1612 2676; x_wconf 52' lang='lat'>¹</span> 
     </span>
    </p>
   </div>
   <div class='ocr_carea' id='block_1_11' title="bbox 407 2741 1560 3041">
    <p class='ocr_par' dir='ltr' id='par_1_11' title="bbox 407 2741 1560 3041">
     <span class='ocr_line' id='line_1_23' title="bbox 407 2741 1560 2835; baseline -0.009 -21"><span class='ocrx_word' id='word_1_186' title='bbox 407 2751 582 2814; x_wconf 86' lang='lat' dir='ltr'><strong>iudicemus</strong></span> <span class='ocrx_word' id='word_1_187' title='bbox 604 2769 699 2835; x_wconf 86' lang='lat' dir='ltr'><strong>quom</strong></span> <span class='ocrx_word' id='word_1_188' title='bbox 717 2768 778 2814; x_wconf 91' lang='lat' dir='ltr'><strong>nos</strong></span> <span class='ocrx_word' id='word_1_189' title='bbox 806 2747 894 2813; x_wconf 86' lang='lat' dir='ltr'><strong>Plato</strong></span> <span class='ocrx_word' id='word_1_190' title='bbox 921 2746 1009 2830; x_wconf 89' lang='lat' dir='ltr'><strong>ipse,</strong></span> <span class='ocrx_word' id='word_1_191' title='bbox 1038 2765 1108 2811; x_wconf 88' lang='lat' dir='ltr'><strong>rem</strong></span> <span class='ocrx_word' id='word_1_192' title='bbox 1135 2747 1180 2810; x_wconf 90' lang='lat' dir='ltr'><strong>ita</strong></span> <span class='ocrx_word' id='word_1_193' title='bbox 1207 2763 1418 2829; x_wconf 84' lang='lat' dir='ltr'><strong>componens,</strong></span> <span class='ocrx_word' id='word_1_194' title='bbox 1447 2741 1560 2809; x_wconf 85' lang='lat' dir='ltr'><strong>indicare</strong></span> 
     </span>
     <span class='ocr_line' id='line_1_24' title="bbox 407 2846 1560 2936; baseline -0.009 -18"><span class='ocrx_word' id='word_1_195' title='bbox 407 2851 562 2918; x_wconf 70' lang='lat' dir='ltr'><strong>voluerit?</strong></span> <span class='ocrx_word' id='word_1_196' title='bbox 584 2850 613 2936; x_wconf 85' lang='lat'><strong>7)</strong></span> <span class='ocrx_word' id='word_1_197' title='bbox 630 2854 724 2929; x_wconf 86' lang='lat' dir='ltr'><strong>Quod</strong></span> <span class='ocrx_word' id='word_1_198' title='bbox 734 2872 800 2916; x_wconf 92' lang='lat' dir='ltr'><strong>non</strong></span> <span class='ocrx_word' id='word_1_199' title='bbox 814 2854 847 2917; x_wconf 90' lang='lat' dir='ltr'><strong>in</strong></span> <span class='ocrx_word' id='word_1_200' title='bbox 861 2851 951 2925; x_wconf 88' lang='lat' dir='ltr'><strong>initio</strong></span> <span class='ocrx_word' id='word_1_201' title='bbox 967 2850 1183 2934; x_wconf 83' lang='lat' dir='ltr'><strong>Reipublicae,</strong></span> <span class='ocrx_word' id='word_1_202' title='bbox 1201 2854 1257 2916; x_wconf 91' lang='lat' dir='ltr'><strong>sed</strong></span> <span class='ocrx_word' id='word_1_203' title='bbox 1271 2853 1305 2915; x_wconf 90' lang='lat' dir='ltr'><strong>in</strong></span> <span class='ocrx_word' id='word_1_204' title='bbox 1318 2851 1450 2915; x_wconf 82' lang='lat' dir='ltr'><strong>Timaeo</strong></span> <span class='ocrx_word' id='word_1_205' title='bbox 1462 2846 1560 2913; x_wconf 88' lang='lat' dir='ltr'><strong>dcnm</strong></span> 
     </span>
     <span class='ocr_line' id='line_1_25' title="bbox 407 2951 1560 3041; baseline -0.007 -22"><span class='ocrx_word' id='word_1_206' title='bbox 407 2953 432 3020; x_wconf 91' lang='lat' dir='ltr'><strong>ii</strong></span> <span class='ocrx_word' id='word_1_207' title='bbox 454 2953 671 3035; x_wconf 84' lang='lat' dir='ltr'><strong>nominentur,</strong></span> <span class='ocrx_word' id='word_1_208' title='bbox 701 2958 816 3041; x_wconf 82' lang='lat' dir='ltr'><strong>quibus</strong></span> <span class='ocrx_word' id='word_1_209' title='bbox 838 2957 983 3020; x_wconf 84' lang='lat' dir='ltr'><strong>Socrates</strong></span> <span class='ocrx_word' id='word_1_210' title='bbox 1001 2962 1231 3040; x_wconf 48' lang='lat' dir='ltr'><strong>¹argumentum</strong></span> <span class='ocrx_word' id='word_1_211' title='bbox 1253 2951 1456 3040; x_wconf 81' lang='lat' dir='ltr'><strong>Reipublicae</strong></span> <span class='ocrx_word' id='word_1_212' title='bbox 1481 2953 1560 3016; x_wconf 92' lang='lat' dir='ltr'><strong>denno</strong></span> 
     </span>
    </p>
   </div>
   <div class='ocr_carea' id='block_1_12' title="bbox 408 3057 1612 3146">
    <p class='ocr_par' dir='ltr' id='par_1_12' title="bbox 408 3057 1612 3146">
     <span class='ocr_line' id='line_1_26' title="bbox 408 3057 1612 3146; baseline -0.011 -21"><span class='ocrx_word' id='word_1_213' title='bbox 408 3062 595 3137; x_wconf 84' lang='lat' dir='ltr'><strong>narraverit,</strong></span> <span class='ocrx_word' id='word_1_214' title='bbox 623 3058 667 3125; x_wconf 89' lang='lat' dir='ltr'><strong>ita</strong></span> <span class='ocrx_word' id='word_1_215' title='bbox 695 3059 788 3125; x_wconf 84' lang='lat' dir='ltr'><strong>facile</strong></span> <span class='ocrx_word' id='word_1_216' title='bbox 818 3058 987 3146; x_wconf 66' lang='lat' dir='ltr'><strong>conplicari,</strong></span> <span class='ocrx_word' id='word_1_217' title='bbox 1015 3058 1043 3122; x_wconf 91' lang='lat' dir='ltr'><strong>si</strong></span> <span class='ocrx_word' id='word_1_218' title='bbox 1065 3077 1240 3134; x_wconf 89' lang='lat' dir='ltr'><strong>sumamus,</strong></span> <span class='ocrx_word' id='word_1_219' title='bbox 1270 3057 1434 3122; x_wconf 86' lang='lat' dir='ltr'><strong>Platonem</strong></span> <span class='ocrx_word' id='word_1_220' title='bbox 1461 3059 1561 3121; x_wconf 87' lang='lat' dir='ltr'><strong>demun</strong></span> <span class='ocrx_word' id='word_1_221' title='bbox 1611 3075 1612 3114; x_wconf 75' lang='lat'>1</span> 
     </span>
    </p>
   </div>
   <div class='ocr_carea' id='block_1_13' title="bbox 402 3154 1561 4082">
    <p class='ocr_par' dir='ltr' id='par_1_13' title="bbox 402 3154 1561 4082">
     <span class='ocr_line' id='line_1_27' title="bbox 408 3154 1561 3251; baseline -0.012 -21"><span class='ocrx_word' id='word_1_222' title='bbox 408 3183 507 3251; x_wconf 87' lang='lat' dir='ltr'><strong>quom</strong></span> <span class='ocrx_word' id='word_1_223' title='bbox 529 3163 692 3229; x_wconf 86' lang='lat' dir='ltr'><strong>Timaeum</strong></span> <span class='ocrx_word' id='word_1_224' title='bbox 714 3161 853 3228; x_wconf 83' lang='lat' dir='ltr'><strong>scribere</strong></span> <span class='ocrx_word' id='word_1_225' title='bbox 875 3164 1047 3246; x_wconf 89' lang='lat' dir='ltr'><strong>coepisset,</strong></span> <span class='ocrx_word' id='word_1_226' title='bbox 1076 3161 1210 3236; x_wconf 84' lang='lat' dir='ltr'><strong>vidisse,</strong></span> <span class='ocrx_word' id='word_1_227' title='bbox 1238 3167 1311 3245; x_wconf 89' lang='lat' dir='ltr'><strong>apte</strong></span> <span class='ocrx_word' id='word_1_228' title='bbox 1344 3159 1493 3242; x_wconf 87' lang='lat' dir='ltr'><strong>coniungi</strong></span> <span class='ocrx_word' id='word_1_229' title='bbox 1510 3154 1561 3220; x_wconf 88' lang='lat' dir='ltr'><strong>Rei·</strong></span> 
     </span>
     <span class='ocr_line' id='line_1_28' title="bbox 406 3259 1559 3356; baseline -0.01 -21"><span class='ocrx_word' id='word_1_230' title='bbox 406 3269 552 3356; x_wconf 84' lang='lat' dir='ltr'><strong>publicae</strong></span> <span class='ocrx_word' id='word_1_231' title='bbox 574 3274 794 3352; x_wconf 78' lang='lat' dir='ltr'><strong>argumentum</strong></span> <span class='ocrx_word' id='word_1_232' title='bbox 825 3287 897 3332; x_wconf 91' lang='lat' dir='ltr'><strong>cum</strong></span> <span class='ocrx_word' id='word_1_233' title='bbox 919 3268 1066 3343; x_wconf 85' lang='lat' dir='ltr'><strong>Timaeo;</strong></span> <span class='ocrx_word' id='word_1_234' title='bbox 1100 3286 1176 3342; x_wconf 90' lang='lat' dir='ltr'><strong>nco,</strong></span> <span class='ocrx_word' id='word_1_235' title='bbox 1210 3264 1305 3329; x_wconf 90' lang='lat' dir='ltr'><strong>etiam</strong></span> <span class='ocrx_word' id='word_1_236' title='bbox 1333 3263 1360 3328; x_wconf 89' lang='lat' dir='ltr'><strong>si</strong></span> <span class='ocrx_word' id='word_1_237' title='bbox 1381 3263 1446 3328; x_wconf 86' lang='lat' dir='ltr'><strong>iam</strong></span> <span class='ocrx_word' id='word_1_238' title='bbox 1473 3259 1559 3330; x_wconf 84' lang='lat' dir='ltr'><strong>initio,</strong></span> 
     </span>
     <span class='ocr_line' id='line_1_29' title="bbox 406 3361 1560 3459; baseline -0.015 -20"><span class='ocrx_word' id='word_1_239' title='bbox 406 3393 504 3459; x_wconf 84' lang='lat' dir='ltr'><strong>quum</strong></span> <span class='ocrx_word' id='word_1_240' title='bbox 525 3371 763 3458; x_wconf 87' lang='lat' dir='ltr'><strong>Rempnblioam</strong></span> <span class='ocrx_word' id='word_1_241' title='bbox 778 3373 919 3437; x_wconf 85' lang='lat' dir='ltr'><strong>scribere</strong></span> <span class='ocrx_word' id='word_1_242' title='bbox 934 3368 1109 3456; x_wconf 87' lang='lat' dir='ltr'><strong>coepisset,</strong></span> <span class='ocrx_word' id='word_1_243' title='bbox 1132 3366 1330 3454; x_wconf 88' lang='lat' dir='ltr'><strong>propositum</strong></span> <span class='ocrx_word' id='word_1_244' title='bbox 1352 3365 1475 3432; x_wconf 88' lang='lat' dir='ltr'><strong>Platoni</strong></span> <span class='ocrx_word' id='word_1_245' title='bbox 1487 3361 1560 3428; x_wconf 86' lang='lat' dir='ltr'><strong>luisse</strong></span> 
     </span>
     <span class='ocr_line' id='line_1_30' title="bbox 404 3461 1558 3560; baseline -0.007 -18"><span class='ocrx_word' id='word_1_246' title='bbox 404 3483 579 3542; x_wconf 84' lang='lat' dir='ltr'><strong>statuamus</strong></span> <span class='ocrx_word' id='word_1_247' title='bbox 608 3495 679 3540; x_wconf 89' lang='lat' dir='ltr'><strong>cnm</strong></span> <span class='ocrx_word' id='word_1_248' title='bbox 700 3477 769 3540; x_wconf 48' lang='lat' dir='ltr'><strong>¹hoc</strong></span> <span class='ocrx_word' id='word_1_249' title='bbox 796 3494 894 3560; x_wconf 91' lang='lat' dir='ltr'><strong>opere</strong></span> <span class='ocrx_word' id='word_1_250' title='bbox 923 3476 1086 3539; x_wconf 79' lang='lat' dir='ltr'><strong>Timaeum</strong></span> <span class='ocrx_word' id='word_1_251' title='bbox 1113 3470 1326 3556; x_wconf 89' lang='lat' dir='ltr'><strong>coniungere,</strong></span> <span class='ocrx_word' id='word_1_252' title='bbox 1356 3470 1432 3534; x_wconf 90' lang='lat' dir='ltr'><strong>inde</strong></span> <span class='ocrx_word' id='word_1_253' title='bbox 1461 3461 1558 3547; x_wconf 75' lang='lat' dir='ltr'><strong>colligi,</strong></span> 
     </span>
     <span class='ocr_line' id='line_1_31' title="bbox 405 3569 1559 3665; baseline -0.016 -19"><span class='ocrx_word' id='word_1_254' title='bbox 405 3579 491 3665; x_wconf 80' lang='lat' dir='ltr'><strong>qnod</strong></span> <span class='ocrx_word' id='word_1_255' title='bbox 513 3579 676 3664; x_wconf 82' lang='lat' dir='ltr'><strong>collegerit</strong></span> <span class='ocrx_word' id='word_1_256' title='bbox 698 3576 1023 3653; x_wconf 87' lang='lat' dir='ltr'><strong>Schleiermaclrerus,</strong></span> <span class='ocrx_word' id='word_1_257' title='bbox 1046 3597 1121 3640; x_wconf 84' lang='lat' dir='ltr'><strong>rere</strong></span> <span class='ocrx_word' id='word_1_258' title='bbox 1135 3595 1199 3640; x_wconf 94' lang='lat' dir='ltr'><strong>non</strong></span> <span class='ocrx_word' id='word_1_259' title='bbox 1213 3569 1284 3640; x_wconf 87' lang='lat' dir='ltr'><strong>esse</strong></span> <span class='ocrx_word' id='word_1_260' title='bbox 1311 3572 1440 3660; x_wconf 89' lang='lat' dir='ltr'><strong>quaein</strong></span> <span class='ocrx_word' id='word_1_261' title='bbox 1456 3573 1559 3634; x_wconf 86' lang='lat' dir='ltr'><strong>Timaeo</strong></span> 
     </span>
     <span class='ocr_line' id='line_1_32' title="bbox 406 3675 1560 3770; baseline -0.01 -22"><span class='ocrx_word' id='word_1_262' title='bbox 406 3686 445 3748; x_wconf 88' lang='lat' dir='ltr'><strong>de</strong></span> <span class='ocrx_word' id='word_1_263' title='bbox 467 3690 654 3770; x_wconf 80' lang='lat' dir='ltr'><strong>argumento</strong></span> <span class='ocrx_word' id='word_1_264' title='bbox 681 3681 895 3767; x_wconf 82' lang='lat' dir='ltr'><strong>Reipublicae</strong></span> <span class='ocrx_word' id='word_1_265' title='bbox 914 3681 1076 3756; x_wconf 88' lang='lat' dir='ltr'><strong>dicantur,</strong></span> <span class='ocrx_word' id='word_1_266' title='bbox 1109 3683 1142 3743; x_wconf 86' lang='lat' dir='ltr'><strong>si</strong></span> <span class='ocrx_word' id='word_1_267' title='bbox 1163 3675 1292 3764; x_wconf 90' lang='lat' dir='ltr'><strong>quidem</strong></span> <span class='ocrx_word' id='word_1_268' title='bbox 1319 3676 1421 3759; x_wconf 86' lang='lat' dir='ltr'><strong>ipsam</strong></span> <span class='ocrx_word' id='word_1_269' title='bbox 1450 3679 1560 3768; x_wconf 86' lang='lat' dir='ltr'><strong>Rempu·</strong></span> 
     </span>
     <span class='ocr_line' id='line_1_33' title="bbox 405 3779 1560 3874; baseline -0.01 -25"><span class='ocrx_word' id='word_1_270' title='bbox 405 3784 519 3853; x_wconf 86' lang='lat' dir='ltr'><strong>blicam</strong></span> <span class='ocrx_word' id='word_1_271' title='bbox 541 3789 706 3874; x_wconf 82' lang='lat' dir='ltr'><strong>respicias,</strong></span> <span class='ocrx_word' id='word_1_272' title='bbox 735 3808 794 3851; x_wconf 92' lang='lat' dir='ltr'><strong>nec</strong></span> <span class='ocrx_word' id='word_1_273' title='bbox 815 3786 948 3870; x_wconf 77' lang='lat' dir='ltr'><strong>intelligi</strong></span> <span class='ocrx_word' id='word_1_274' title='bbox 970 3805 1026 3850; x_wconf 89' lang='lat' dir='ltr'><strong>cnr</strong></span> <span class='ocrx_word' id='word_1_275' title='bbox 1053 3783 1142 3848; x_wconf 88' lang='lat' dir='ltr'><strong>Plato</strong></span> <span class='ocrx_word' id='word_1_276' title='bbox 1163 3802 1232 3846; x_wconf 87' lang='lat' dir='ltr'><strong>rem</strong></span> <span class='ocrx_word' id='word_1_277' title='bbox 1259 3802 1322 3846; x_wconf 91' lang='lat' dir='ltr'><strong>non</strong></span> <span class='ocrx_word' id='word_1_278' title='bbox 1348 3781 1392 3843; x_wconf 90' lang='lat' dir='ltr'><strong>ita</strong></span> <span class='ocrx_word' id='word_1_279' title='bbox 1419 3779 1560 3843; x_wconf 82' lang='lat' dir='ltr'><strong>instituere</strong></span> 
     </span>
     <span class='ocr_line' id='line_1_34' title="bbox 403 3885 1558 3977; baseline -0.009 -21"><span class='ocrx_word' id='word_1_280' title='bbox 403 3892 562 3974; x_wconf 89' lang='lat' dir='ltr'><strong>potuerit,</strong></span> <span class='ocrx_word' id='word_1_281' title='bbox 591 3898 629 3954; x_wconf 90' lang='lat' dir='ltr'><strong>ut</strong></span> <span class='ocrx_word' id='word_1_282' title='bbox 655 3889 806 3977; x_wconf 87' lang='lat' dir='ltr'><strong>instituit,</strong></span> <span class='ocrx_word' id='word_1_283' title='bbox 830 3892 856 3954; x_wconf 90' lang='lat' dir='ltr'><strong>si</strong></span> <span class='ocrx_word' id='word_1_284' title='bbox 885 3909 960 3954; x_wconf 83' lang='lat' dir='ltr'><strong>vera</strong></span> <span class='ocrx_word' id='word_1_285' title='bbox 982 3890 1062 3965; x_wconf 83' lang='lat' dir='ltr'><strong>sint3</strong></span> <span class='ocrx_word' id='word_1_286' title='bbox 1097 3885 1126 3971; x_wconf 82' lang='lat'><strong>8)</strong></span> <span class='ocrx_word' id='word_1_287' title='bbox 1150 3905 1262 3970; x_wconf 87' lang='lat' dir='ltr'><strong>parum</strong></span> <span class='ocrx_word' id='word_1_288' title='bbox 1290 3902 1463 3968; x_wconf 87' lang='lat' dir='ltr'><strong>congruum</strong></span> <span class='ocrx_word' id='word_1_289' title='bbox 1491 3897 1558 3946; x_wconf 72' lang='lat' dir='ltr'><strong>csse,</strong></span> 
     </span>
     <span class='ocr_line' id='line_1_35' title="bbox 402 3979 1557 4082; baseline -0.018 -21"><span class='ocrx_word' id='word_1_290' title='bbox 402 3996 489 4082; x_wconf 88' lang='lat' dir='ltr'><strong>quod</strong></span> <span class='ocrx_word' id='word_1_291' title='bbox 510 3995 551 4069; x_wconf 92' lang='lat' dir='ltr'><strong>ii,</strong></span> <span class='ocrx_word' id='word_1_292' title='bbox 582 3994 699 4080; x_wconf 89' lang='lat' dir='ltr'><strong>quibus</strong></span> <span class='ocrx_word' id='word_1_293' title='bbox 718 3999 867 4060; x_wconf 86' lang='lat' dir='ltr'><strong>narrabat</strong></span> <span class='ocrx_word' id='word_1_294' title='bbox 889 3996 1051 4065; x_wconf 87' lang='lat' dir='ltr'><strong>Socrates,</strong></span> <span class='ocrx_word' id='word_1_295' title='bbox 1082 4013 1153 4055; x_wconf 92' lang='lat' dir='ltr'><strong>cum</strong></span> <span class='ocrx_word' id='word_1_296' title='bbox 1175 3997 1294 4055; x_wconf 89' lang='lat' dir='ltr'><strong>tantum</strong></span> <span class='ocrx_word' id='word_1_297' title='bbox 1313 3990 1356 4052; x_wconf 89' lang='lat' dir='ltr'><strong>-de</strong></span> <span class='ocrx_word' id='word_1_298' title='bbox 1378 3986 1498 4052; x_wconf 81' lang='lat' dir='ltr'><strong>civitate</strong></span> <span class='ocrx_word' id='word_1_299' title='bbox 1517 3979 1557 4042; x_wconf 86' lang='lat' dir='ltr'><strong>ba-</strong></span> 
     </span>
    </p>
   </div>
   <div class='ocr_carea' id='block_1_14' title="bbox 401 4085 1561 4181">
    <p class='ocr_par' dir='ltr' id='par_1_14' title="bbox 401 4085 1612 4188">
     <span class='ocr_line' id='line_1_36' title="bbox 401 4085 1561 4181; baseline -0.017 -15"><span class='ocrx_word' id='word_1_300' title='bbox 401 4097 486 4171; x_wconf 88' lang='lat' dir='ltr'><strong>bitos</strong></span> <span class='ocrx_word' id='word_1_301' title='bbox 507 4117 670 4164; x_wconf 85' lang='lat' dir='ltr'><strong>sermones</strong></span> <span class='ocrx_word' id='word_1_302' title='bbox 692 4099 802 4164; x_wconf 89' lang='lat' dir='ltr'><strong>andire</strong></span> <span class='ocrx_word' id='word_1_303' title='bbox 816 4096 952 4173; x_wconf 81' lang='lat' dir='ltr'><strong>vellent,</strong></span> <span class='ocrx_word' id='word_1_304' title='bbox 976 4094 1063 4181; x_wconf 89' lang='lat' dir='ltr'><strong>qnod</strong></span> <span class='ocrx_word' id='word_1_305' title='bbox 1076 4094 1157 4161; x_wconf 81' lang='lat' dir='ltr'><strong>falso</strong></span> <span class='ocrx_word' id='word_1_306' title='bbox 1171 4113 1297 4158; x_wconf 82' lang='lat' dir='ltr'><strong>sumere</strong></span> <span class='ocrx_word' id='word_1_307' title='bbox 1319 4085 1561 4156; x_wconf 87' lang='lat' dir='ltr'><strong>Schleicrmaoie·</strong></span> 
     </span>
    </p>
   </div>
   <div class='ocr_carea' id='block_1_15' title="bbox 401 4191 1612 4286">
    <p class='ocr_par' dir='ltr' id='par_1_15' title="bbox 401 4191 1612 4286">
     <span class='ocr_line' id='line_1_37' title="bbox 401 4191 1612 4286; baseline -0.016 -17"><span class='ocrx_word' id='word_1_308' title='bbox 401 4224 475 4270; x_wconf 90' lang='lat' dir='ltr'><strong>rom</strong></span> <span class='ocrx_word' id='word_1_309' title='bbox 497 4200 679 4275; x_wconf 85' lang='lat' dir='ltr'><strong>docuimus,</strong></span> <span class='ocrx_word' id='word_1_310' title='bbox 707 4203 801 4267; x_wconf 89' lang='lat' dir='ltr'><strong>etiam</strong></span> <span class='ocrx_word' id='word_1_311' title='bbox 822 4199 945 4286; x_wconf 86' lang='lat' dir='ltr'><strong>reliqua</strong></span> <span class='ocrx_word' id='word_1_312' title='bbox 966 4201 1072 4266; x_wconf 84' lang='lat' dir='ltr'><strong>omnia</strong></span> <span class='ocrx_word' id='word_1_313' title='bbox 1094 4199 1205 4263; x_wconf 88' lang='lat' dir='ltr'><strong>audire</strong></span> <span class='ocrx_word' id='word_1_314' title='bbox 1228 4202 1400 4280; x_wconf 77' lang='lat' dir='ltr'><strong>cogantur,</strong></span> <span class='ocrx_word' id='word_1_315' title='bbox 1429 4197 1461 4257; x_wconf 89' lang='lat' dir='ltr'><strong>et</strong></span> <span class='ocrx_word' id='word_1_316' title='bbox 1484 4203 1560 4270; x_wconf 79' lang='lat' dir='ltr'><strong>saepe</strong></span> <span class='ocrx_word' id='word_1_317' title='bbox 1611 4191 1612 4222; x_wconf 49' lang='lat' dir='ltr'><strong>l</strong></span> 
     </span>
    </p>
   </div>
   <div class='ocr_carea' id='block_1_16' title="bbox 400 4297 1560 4404">
    <p class='ocr_par' dir='ltr' id='par_1_16' title="bbox 400 4297 1560 4404">
     <span class='ocr_line' id='line_1_38' title="bbox 400 4297 1560 4404; baseline -0.011 -32"><span class='ocrx_word' id='word_1_318' title='bbox 400 4306 485 4374; x_wconf 87' lang='lat' dir='ltr'><strong>inter</strong></span> <span class='ocrx_word' id='word_1_319' title='bbox 507 4307 701 4404; x_wconf 79' lang='lat' dir='ltr'><strong>morandum</strong></span> <span class='ocrx_word' id='word_1_320' title='bbox 736 4306 876 4372; x_wconf 88' lang='lat' dir='ltr'><strong>declaret</strong></span> <span class='ocrx_word' id='word_1_321' title='bbox 904 4301 1228 4378; x_wconf 82' lang='lat' dir='ltr'><strong>Socrates,.i1utitiae</strong></span> <span class='ocrx_word' id='word_1_322' title='bbox 1258 4297 1458 4385; x_wconf 83' lang='lat' dir='ltr'><strong>quaerendae</strong></span> <span class='ocrx_word' id='word_1_323' title='bbox 1486 4306 1560 4360; x_wconf 71' lang='lat' dir='ltr'><strong>cauta</strong></span> 
     </span>
    </p>
   </div>
   <div class='ocr_carea' id='block_1_17' title="bbox 0 0 1652 5232">
    <p class='ocr_par' dir='ltr' id='par_1_17' title="bbox 0 0 1652 5232">
     <span class='ocr_line' id='line_1_39' title="bbox 0 0 1652 5232; baseline 0 0"><span class='ocrx_word' id='word_1_324' title='bbox 0 0 1652 5232; x_wconf 95' lang='lat' dir='ltr'><strong> </strong></span> 
     </span>
    </p>
   </div>
  </div>
 </body>
</html>
