3312 5238
567 393 797 463 *125-

89 567 254 634 operaque
276 547 378 626 detur,
401 556 436 618 ut
456 547 614 618 maiorum
635 551 801 624 liberarum
820 549 942 620 auxilio
963 549 1023 618 bae
1046 555 1186 621 minores
1206 551 1272 638 legi

88 652 241 738 possint.
270 651 317 719 ef.
341 651 397 720 lib.
422 656 460 722 ΙΙ.
482 673 515 741 p.
540 658 612 722 368.
634 665 717 722 extr.
742 659 786 724 Se
830 659 894 722 Neo
907 655 952 722 ita
967 657 1178 725 neeessariam
1191 665 1273 736 eret,

89 758 117 822 si
140 755 280 824 institiae
301 757 389 825 notio
418 757 452 824 in
477 757 603 826 civitate
624 758 773 826 inventae
795 758 992 847 discreparet
1012 781 1031 826 a
1052 759 1171 828 iustitia
1192 781 1273 848 quae

89 868 177 926 esset
197 859 231 926 in
252 863 362 928 animis
384 861 595 947 singulorum,
627 865 712 928 uliud
731 883 884 947 quaerere.
929 866 1017 930 Pluto
1042 873 1142 934 tomen
1167 873 1275 940 contro

89 983 211 1028 σιιιιιιιιι
237 967 372 1030 iustitiae
401 968 603 1050 questionem
622 969 658 1030 ιἰι
677 969 816 1041 ciuitate,
843 989 867 1032 α
893 970 1062 1052 quaestione
1088 969 1222 1034 iustitiae
1242 970 1276 1034 in

88 1069 206 1132 animis
228 1070 417 1152 ιιιιμνισιιιιι
442 1072 487 1135 iro
506 1071 635 1154 perdere
653 1073 740 1154 fecit.
786 1073 896 1156 Itaque
914 1069 1006 1136 nobis
1020 1069 1159 1157 quidem,
1182 1093 1274 1140 aceu-

88 1179 161 1242 rate,
195 1157 426 1240 atteirdentibus
454 1173 519 1241 >boc
552 1172 623 1240 loeo
656 1173 745 1242 Plato
778 1173 912 1244 innuere
944 1176 1087 1252 videtur,
1122 1175 1277 1243 iustitiam·

89 1280 310 1359 quaerendam
340 1297 405 1342 non
431 1297 499 1346 esse
529 1279 562 1345 iu
590 1275 738 1353 civitate,
769 1281 826 1345 sed
855 1277 1033 1346 inanimis
1062 1280 1271 1364 singulorum.

90 1381 187 1456 Quod
210 1387 315 1446 lamen
337 1401 490 1466 apparere
511 1401 575 1446 non
597 1378 717 1455 debuit,
740 1381 800 1448 nisi
821 1401 931 1448 verum
947 1384 1054 1469 operis
1067 1381 1162 1452 finem
1178 1392 1273 1470 arque

90 1481 274 1558 consilium,
304 1487 389 1570 quod
417 1484 460 1550 ita
482 1484 515 1550 in
537 1482 719 1570 quaerenda
740 1481 857 1553 iustitia
878 1485 1017 1570 positum
1039 1504 1194 1552 essenon
1215 1505 1275 1570 po-

90 1593 184 1662 terat,
207 1585 346 1673 prodere
360 1587 465 1658 vellet.
507 1590 616 1674 ltaque
636 1607 678 1653 ne
689 1587 792 1655 buius
807 1586 870 1652 loci
885 1587 1039 1660 sententia
1056 1587 1152 1656 nimis
1166 1597 1274 1676 aperie

90 1689 148 1767 sir,
178 1693 212 1756 in
240 1690 445 1777 sequentibus
468 1711 537 1758 eam
559 1700 705 1778 tanquam
726 1690 899 1758 involucris
921 1693 1110 1776 quibusdem
1132 1691 1274 1760 obsolvit

91 1801 123 1861 et
153 1791 319 1869 obseurat,
352 1803 388 1861 ut
419 1795 526 1882 operis
557 1794 698 1916 instigate
728 1793 811 1861 ratio
841 1803 986 1864 constare
1014 1794 1177 1866 videatur:
1214 1796 1274 1864 νῦν

92 1892 126 1964 δ’
152 1899 364 1986 ἐκτελέσωμεν
385 1894 444 1980 τὴν
467 1901 602 1982 σκέψιν,
624 1891 664 1980 ἣν
686 1893 856 1990 ᾠήθημεν,
878 1893 908 1965 εἰ
928 1899 961 1965 ἐν
982 1899 1103 2017 μείζονί
1125 1921 1190 1966 τινι
1211 1899 1274 1968 τῶν

92 1996 234 2088 ἐχόντων
266 1995 479 2082 δικαιοσύνην
510 1997 672 2093 πρότερον
706 2003 807 2070 ἐκεῖνο
845 1999 1107 2094 ἐπιχειρήσαιμεν
1144 1995 1279 2070 θεάσα-

91 2107 193 2185 σθαι,
225 2104 308 2197 ῥᾷον
330 2101 371 2172 ἂν
393 2105 427 2173 ἐν
448 2107 492 2180 ,ἑνὶ
513 2099 688 2197 ἀνθρώπῳ
709 2107 870 2186 κατιὸειν,
899 2097 970 2172 οἷόν
989 2107 1072 2172 ἐστι.
1100 2108 1156 2171 καὶ
1186 2103 1273 2188 ἔδοξε

6 2251 7 2260 1
90 2203 173 2288 dir‘
155 2212 236 2294 ημῖν
257 2209 357 2276 τοῦτο
380 2199 463 2278 εἶναι
485 2206 593 2290 πόλις,
624 2215 694 2276 καὶ
724 2200 850 2288 eiicere
879 2203 1126 2301 οἰκίζομεν
1106 2235 1155 2288 ως
1184 2210 1274 2278 ἐδν-

6 2373 7 2380 ,
91 2306 303 2400 ναμιθα’
283 2313 476 2401 αμὲστην,
506 2309 547 2382 εὖ
570 2303 796 2396 ειδότες,’
776 2337 843 2380 oro
864 2312 912 2380 ἔν
925 2337 968 2399 με
990 2314 1037 2408 τῇ
1059 2308 1248 2406 ἆγαθῇ’
1226 2336 1274 2380 αν

6 2449 7 2486 ss
91 2415 166 2500 εἴη.
210 2413 247 2482 Id
275 2422 382 2484 tamen
407 2435 563 2503 nusquam
584 2424 676 2482 antea
698 2416 926 2494 declaraverat,
948 2417 1014 2482 imo
1035 2416 1069 2482 in
1090 2414 1250 2482 civitate
1240 2437 1273 2482 ιιι

5 2583 7 2594 ,
90 2519 288 2598 universum,
313 2520 375 2585 er
365 2542 399 2587 ιιι
412 2522 589 2588 lueuriuoee
604 2519 684 2586 adeo
699 2519 822 2590 civitate
843 2519 996 2587 iustitiam
1017 2539 1171 2604 quaerere
1192 2518 1273 2589 ,velie

5 2693 6 2696 ,
92 2621 273 2695 ridebatur.
317 2626 410 2690 Hunc
430 2624 527 2710 igilur
547 2625 651 2692 barim
673 2643 768 2710 supra
789 2621 832 2690 ob
850 2622 959 2691 oculos
972 2620 1151 2701 habuimus,
1175 2643 1272 2711 quum

92 2728 294 2805 diceremus,
326 2745 402 2794 mox
431 2727 560 2795 dobner
585 2748 653 2795 nos.
674 2747 743 2795 esse
772 2732 950 2814 apertiora,
983 2727 1011 2794 si
1039 2726 1090 2798 cui
1111 2748 1176 2794 non
1196 2728 1271 2796 salia

89 2835 261 2918 probatum
290 2831 450 2909 videatur,
479 2832 641 2900 Platonem
662 2831 726 2900 iarn
747 2829 786 2899 ab
808 2831 899 2900 initio
920 2830 1092 2918 perfectam
1114 2830 1272 2903 civitatem

91 2935 277 3002 describere
305 2934 455 3004 voluisse.
500 2939 579 3002 Nam
604 2935 693 3003 Plato
718 2956 782 3001 non
810 2943 974 3003 contentus
1000 2934 1085 3012 istie,
1118 2934 1272 3002 hocloco

90 3060 127 3106 se
148 3037 183 3104 id
205 3059 275 3104 earu
298 3037 339 3106 ob
364 3061 489 3108 cansam
509 3037 623 3106 iecisse
644 3037 834 3125 profitetur„
847 3039 996 3125 quoniam
1011 3036 1093 3108 bene
1107 3039 1269 3116 sciverint,

89 3144 126 3212 in
154 3145 274 3231 optima
301 3143 425 3220 civitate
452 3142 591 3212 furuum
618 3164 688 3210 esse
714 3142 876 3210 iustitiam.
920 3146 1071 3230 Apertum
1098 3151 1146 3208 est
1167 3149 1272 3208 autern

91 3248 122 3314 si
152 3247 272 3334 optime
298 3247 408 3316 civitas
436 3247 504 3314 sine
530 3246 653 3316 iustitia
680 3267 748 3314 esse
777 3265 841 3314 non
863 3253 979 3334 potest,
1008 3246 1102 3316 huius
1124 3246 1186 3314 looi
1206 3265 1272 3314 non

92 3351 193 3418 aliam·
209 3371 278 3418 esse
301 3351 614 3438 renuntiansque
636 3351 786 3438 optimum
803 3356 884 3418 bunc
898 3350 1057 3418 civitatem
1069 3349 1111 3418 ad
1124 3371 1271 3419 normam

90 3465 189 3544 atque
218 3454 359 3540 regulam
388 3445 536 3524 institiae·
554 3476 622 3524 esse
651 3455 820 3522 conditam.
834 3511 843 3522 ,ι
863 3461 966 3541 Atque
997 3454 1076 3522 baec
1102 3463 1159 3524 est.
1177 3474 1272 3522 eausa

90 3581 151 3628 eur
179 3563 326 3626 Socrates
352 3557 407 3626 rib.
437 3562 476 3624 11.
505 3562 645 3645 ιιι-172,
677 3563 712 3626 C.
733 3595 776 3610 -
797 3562 870 3626 3730
893 3561 939 3626 St.
959 3557 1066 3626 omnia
1087 3560 1272 3642 experietur

91 3685 130 3730 ac
151 3659 259 3741 tentet}
277 3684 324 3734 ne
344 3661 385 3728 de
405 3665 583 3729 luecriante
604 3665 737 3741 σίνιισιι,
770 3665 811 3728 ad
832 3680 1128 3748 quemsermonem
1151 3661 1270 3730 Glauco

89 3764 237 3842 vocabat,
260 3774 430 3851 cogeretur
450 3765 567 3832 dicere.
613 3767 708 3834 Cuius
729 3766 792 3833 loci
814 3785 895 3853 quae
917 3785 1008 3834 mens
1031 3777 1116 3834 esset
1131 3764 1272 3833 nonduin

93 3869 249 3958 explicari
269 3869 416 3944 vidimus,
440 3890 498 3936 nec
518 3889 613 3954 nosse
634 3869 787 3955 explicari
808 3868 976 3960 eredimus,
993 3870 1058 3938 nisi
1081 3869 1108 3937 si
1129 3877 1271 3940 nostram

91 3975 133 4044 de
165 3973 279 4062 Operis
310 3973 441 4041 consilio
471 3973 657 4042 sententium
685 3973 817 4059 probes
861 3977 925 4040 Sed
945 3994 1133 4097 pergamusr
1166 3959 1272 4040 douo

91 4075 175 4168 ἡμῖν
195 4081 262 4154 ἐκεῖ
276 4073 399 4166 ἐφάνη,
427 4074 734 4206 ἐπαναφέρωμεν
702 4103 748 4156 εις
768 4075 827 4146 τὸν
849 4081 923 4160 ἕνα,
944 4075 1006 4149 ιιίιιι
1026 4085 1087 4164 μὲν
1105 4072 1272 4166 ὁμολογῆ-

93 4209 166 4264 ται,
196 4183 304 4260 καλῶς
325 4181 447 4262 ἕξεθ’
431 4179 504 4250 εὰν
526 4184 569 4248 δέ
588 4205 628 4248 τι
650 4177 794 4248 ἄλλο’
778 4207 819 4250 ιν
839 4182 892 4275 τῷ
914 4183 973 4254 ἔνι
994 4182 1270 4276 ἐμφαίνηται,

93 4282 216 4356 πάλιν
252 4279 502 4366 ἒιιανιόντές·
523 4287 587 4354 ἐπὶ
621 4280 1181 4382 τῆναιόλινβασανινῠμιν·
1208 4286 1272 4356 ναὶ
