3344 5234
573 393 783 461 ..ςε-

93 549 228 626 dubium
248 550 456 640 reinquatur.
501 557 540 639 Et
568 556 723 620 nitamur
750 571 825 618 senc
854 554 933 616 haec
959 547 1109 624 scribere,
1123 547 1275 618 Stciiban·

92 655 205 724 mium:
234 658 457 743 «Quamquam
478 678 558 725 uero
579 658 666 724 Plato
688 657 756 743 ipse
778 675 946 741 nusquam,
980 654 1056 741 quid
1076 655 1276 744 potissimum

90 762 297 845 spectauerit.
329 761 422 828 cieris
443 764 551 828 verbis
572 759 775 849 significavit,
805 759 861 829 sed
883 762 989 844 potius
1010 779 1072 845 pro
1094 781 1185 828 mone
1206 781 1275 836 suo,

90 863 291 934 callidissima
320 874 387 930 arte
410 863 595 941 occultavit,
619 881 783 950 'quorsum
806 885 927 930 summa
950 851 1116 932 universae
1138 861 1276 952 disputa·

91 967 187 1034 tionis
216 967 408 1035 contendat»
438 978 498 1034 cet.
528 967 574 1036 Cf.
602 965 1068 1054 introii.inPoi.p.XXV11.
1113 973 1193 1034 Nam
1216 968 1277 1035 hoc

90 1069 223 1157 quidem
244 1071 319 1137 satis
340 1080 471 1147 constat,
493 1071 655 1138 Platonem
677 1071 783 1138 dicere
804 1079 837 1137 et
858 1071 947 1147 velie,
970 1071 1006 1137 in
1024 1070 1181 1138 laudanda
1199 1091 1277 1139 vcra

89 1171 231 1240 iustitiae
262 1180 454 1256 praestantia
486 1175 594 1261 operis
625 1174 721 1240 δυεοι
747 1175 887 1259 positum
911 1195 982 1242 csse
1011 1175 1124 1242 videri.
1166 1181 1277 1262 ltaque

90 1275 155 1342 duo
179 1285 300 1345 tantum
322 1281 563 1364 relinquuntur:
584 1281 793 1363 caputium
810 1301 870 1344 eece
887 1281 921 1344 ιἰι
938 1301 974 1344 ια
997 1299 1030 1345 τι
1054 1281 1156 1363 operis
1175 1283 1275 1363 finem,

90 1390 143 1446 cut
166 1384 313 1448 simulare
338 1385 372 1448 id
394 1386 560 1448 Plutonem.

178 1488 248 1552 Iam
269 1487 471 1573 pervenimus
492 1492 533 1553 ad
546 1506 630 1552 :cum
652 1486 773 1564 locum,
795 1485 828 1554 in
850 1506 914 1574 qno
937 1486 1034 1554 totius
1057 1485 1276 1574 disputationis
1319 1477 1328 1489 ’

92 1588 129 1658 de
160 1588 366 1674 Reipublicae
384 1589 458 1656 'fine
481 1601 512 1658 ct
534 1591 672 1684 consilio
688 1585 836 1678 tanquam
859 1591 954 1658 cerdo
976 1591 1121 1658 vertitur.
1166 1595 1276 1680 Itaque

94 1694 159 1780 ipsa
189 1697 312 1760 Graeca
338 1693 538 1762 verbosum
565 1694 685 1761 lectore
714 1692 1034 1762 communicabimus:
1075 1688 1176 1764 Εἶπον
1200 1687 1276 1778 οὖν,

97 1801 239 1864 Socrates
260 1797 376 1886 inquit,
406 1791 526 1890 ὅπερ
509 1801 580 1866 inci
602 1795 766 1880 ἔδοξεν,“
756 1790 808 1864 σ’τι
830 1795 869 1864 τὸ
897 1794 1061 1891 ζήτημα
1047 1789 1073 1864 ὦ
1096 1800 1276 1891 ἐπιχειροῖ

93 1927 166 1988 μεν,
189 1897 228 1968 οὗ
253 1904 397 1994 φαῦλον,
421 1898 490 1968 citt'
516 1897 571 1982 ὀξὺ,
593 1897 834 1988 βλέποντος,
814 1929 856 1980 ως
878 1901 951 1988 ἐμοὶ
973 1904 1136 1994 φαίνεται.
1166 1899 1275 1984 ἐπειδὴ

93 2003 150 2072 οὐν
173 1999 266 2090 ἡμεῖς
287 2000 326 2071 οὗ
349 2008 458 2086 δεινοὶ,
481 2007 593 2071 δοκεῖ
587 2026 658 2089 μοι,
680 1991 721 2086 ἦν
736 1999 798 2071 δ”
783 2003 856 2091 εγὼ,
880 2000 1038 2087 τοιαύτην
1058 2001 1275 2087 cotinentiae
1321 2005 1325 2014 ’

93 2104 228 2189 ζήτησιν
256 2103 373 2189 αὐτοῦ,
403 2105 536 2197 οἵανπερ
563 2105 604 2174 σίν
626 2133 652 2174 ει
648 2105 856 2198 ’προσέταξέ
877 2133 926 2187 τις
947 2105 1129 2231 γμοίμματα
1152 2106 1276 2202 σμικρὰ

92 2207 313 2302 πόῤῥωθευ’
294 2213 480 2297 αυαγοιιῖιναι
496 2209 546 2300 μὴ
568 2207 654 2278 ποίνυ
678 2237 696 2278 o
698 2211 733 2286 υ
722 2209 980 2297 βλεπουσιν
963 2208 1074 2278 επιιτοί
1089 2239 1139 2291 τις
1151 2209 1276 2294 ἐνενοη

92 2339 161 2394 σευ,
195 2305 249 2380 ὅτι
277 2311 319 2380 τὰ
341 2311 428 2392 αὐτοὶ
449 2314 631 2442 γράμματα
654 2316 703 2394 ἔςι
724 2341 789 2383 που
811 2321 866 2382 καὶ
888 2312 1017 2382 ἄλλοθι
1038 2317 1134 2403 μείζω
1164 2321 1276 2383 τεκαὶ

93 2419 285 2503 ἐυμείζσυι·
314 2421 450 2507 ἕρμαιον
472 2416 512 2486 ἂν
535 2416 651 2512 ἐφοίνη,
676 2411 779 2507 οἶμαι,
802 2419 906 2486 ἐκεῖνα
928 2420 1057 2510 πρῶτον
1065 2411 1276 2506 ἀναγνόντας

93 2513 198 2599 οίίιως
220 2520 463 2590 ἐπισκοπεῖν
427 2549 469 2588 τα
492 2519 625 2604 ἐλάττω,
655 2519 685 2588 εἰ
704 2520 747 2589 τὰ
768 2518 855 2588 αὐτοὶ
877 2519 957 2589 ὄντα
979 2519 1140 2611 τυγχάνει.
1176 2519 1275 2591 Πάνυ

92 2632 151 2710 μὲν
173 2611 244 2705 οὐν,
267 2621 366 2719 ε”ιγηὸ
384 2621 617 2713 Ἀδείμαντος·
642 2622 728 2692 ἀλλὰ
749 2627 781 2692 τί
804 2627 963 2706 τοιοῦτον,
987 2654 1012 2692 ω
998 2623 1219 2718 Σώκρατες,
1243 2629 1276 2694 ἐν

93 2729 131 2822 τῇ
153 2733 228 2818 περὶ
251 2724 288 2796 τὸ
310 2731 438 2796 δίκαιον
459 2725 587 2812 ζητήσει
610 2729 788 2821 καθσρᾷςς
812 2725 901 2814 Ἕγοί
924 2751 988 2811 σοι,
1011 2729 1103 2823 ἔφην,
1127 2731 1201 2822 ἐρῶ.
1226 2733 1275 2797 δι-

92 2827 264 2913 καιοσύνη,
288 2841 411 2924 φαμὲν,
432 2833 479 2912 ἔςι
500 2861 523 2920 μ
527 2841 560 2903 ἐν
583 2828 739 2926 ἀνδρὸς
725 2830 806 2910 ιυὸς
827 2833 887 2912 ἔςι
899 2835 935 2899 δι’
955 2857 1019 2901 που
1042 2839 1097 2900 καὶ
1119 2825 1199 2915 ’ὅλης
1214 2829 1275 2900 πό·

93 2940 191 3018 λεωςς
224 2931 323 3004 Πάνυ
351 2963 406 3023 γε,
435 2925 558 3018 ἧδ’
548 2963 593 3015 σς.
635 2915 760 3003 Οὐκοῦν
787 2938 919 3022 μεῖζον
923 2932 1057 3014 πόλιςτ
1041 2934 1113 3016 ιυὸς
1136 2932 1275 3027 ἆνδρόςς

93 3039 270 3120 Μεῖζουβ
258 3039 332 3164 εἰγη.
359 3037 457 3120 ’1σιος
479 3042 588 3108 τοίνυν
608 3035 768 3106 πλείων·ῃ
746 3063 788 3105 αν
810 3034 1003 3120 δικαιοσύνη
1026 3041 1059 3106 ἐν
1083 3041 1126 3105 τῶ
1147 3042 1274 3166 μείζονι

94 3145 202 3230 ἐνείη
199 3148 254 3209 καὶ
264 3135 365 3232 ῥοίαυ
386 3149 610 3263 καταμαθεῖν.
640 3139 671 3210 εί
690 3167 749 3209 ουν
769 3138 954 3229 βούλεσθε,
982 3143 1112 3230 πρῶτον
1140 3147 1173 3210 ἐν
1201 3147 1275 3221 ταῖς

94 3242 210 3314 πόλεσι
237 3242 439 3333 ζητησυμεν,
467 3244 564 3315 ποῖόν
586 3249 617 3315 τί
638 3250 720 3327 ἐςιυ,
750 3247 861 3313 ἔπειτα
890 3238 992 3324 οίίτεις
1014 3240 1275 3342 ἐπισκεψώμεθα

95 3355 148 3418 καὶ
178 3353 212 3417 ἐν
234 3355 280 3416 ενι
301 3345 404 3442 ικοίςῳ
427 3376 486 3432 την
508 3377 566 3418 του
552 3345 772 3439 μείζονος
756 3345 938 3474 ομοιὸτητα
960 3351 1053 3420 ἐν
1015 3375 1052 3445 τη
1069 3375 1126 3416 του
1112 3346 1277 3417 ἐλαττο-

95 3479 150 3534 νος
172 3449 284 3520 ίδέα’
269 3457 527 3554 επισκοποῦντις.
563 3450 672 3522 'Anici'
689 3479 749 3540 μοι
770 3453 938 3534 δοκεῖς,”
920 3477 1000 3546 εφη,
1031 3455 1138 3532 καλῶς
1159 3457 1275 3539 λέγειν

88 3544 159 3650 Ap’
187 3545 263 3638 οὖν,
284 3582 324 3638 ην
346 3553 418 3625 δ”
402 3555 473 3644 εγώ,
496 3555 526 3624 εί
544 3561 777 3680 γιγνομένην
750 3552 847 3624 πόλιν
862 3558 1091 3645 θεασαίμεθα
1101 3552 1198 3648 λόγῳ,
1221 3563 1277 3624 καὶ

95 3660 152 3744 τὴν
183 3656 397 3744 δικαιοσύνην
423 3687 524 3742 αυτης
547 3657 715 3747 ἴδοιμεν”
694 3685 735 3732 αν
755 3664 946 3748 γιγνομένην
968 3666 1025 3726 καὶ
1046 3657 1105 3742 τὴν
1127 3656 1277 3745 αδικίανς

94 3791 156 3854 ταχ
187 3791 248 3846 αν,
279 3751 389 3846 ἧδ’
379 3756 425 3843 σ’ς.
477 3762 603 3832 Ουκουν
631 3767 815 3884 γενομένου·
834 3760 939 3830 αὐτου
960 3765 1049 3841 ἐλπὶς
1071 3759 1278 3855 ευπειέςερον

93 3861 219 3940 ίδεῖν’
198 3895 217 3935 ο
240 3869 413 3956 ζητοῦμεν,
443 3863 539 3936 Πολυ
568 3893 614 3955 γε.
660 3871 759 3935 Δοκεῖ
777 3853 836 3936 οὖν
854 3867 974 3958 χρῆναι
996 3869 1200 3958 ιπιχειρησαι
1221 3893 1278 3935 πε-

92 3975 236 4096 ραίυειγ,·
267 3962 360 4059 οἶμαι
378 3977 447 4096 μὲν
474 3968 538 4062 γὰρ
565 3967 624 4038 οὐκ
647 3967 800 4057 ὀλίγον”
781 3995 878 4062 εργον
900 3966 982 4037 αὐτὸ
1006 3961 1102 4038 εἶναι
1127 3977 1277 4038 σκοπεῖτε

92 4065 163 4146 οὖν.
186 4076 350 4156 ἔσκεπται,
373 4075 437 4164 ἔφη
460 4071 478 4141 ὁ
496 4071 719 4160 Ἀδείμαντος,
742 4070 828 4141 ἄλλοι
848 4069 895 4163 μὴ
918 4070 1024 4157 ἄλλως
1045 4076 1140 4145 ποίει.
1173 4071 1223 4143 cf.
1241 4097 1274 4160 p.

93 4185 146 4249 77.
170 4181 200 4248 Ι
214 4185 268 4246 at.
294 4179 345 4246 cd.
367 4183 467 4250 Bekis.
489 4199 523 4266 p.
546 4183 620 4257 368,
646 4181 682 4244 G.
706 4177 756 4248 ed.
779 4183 825 4246 St.

186 4286 289 4351 «Dici
309 4285 414 4370 icitur,
434 4285 512 4370 qood
529 4286 606 4352 mut
621 4285 785 4361 οῖδιίσνιιι,
807 4284 1112 4371 metationem-quum
1125 4285 1277 4352 adiremus

1078 4399 1098 4461 3
