3312 5238
572 373 783 447 ..oo-.-

100 528 275 625 διὴλθομεν
301 541 359 607 καὶ
385 535 656 624 ἐπανορθοῦντες
683 530 733 602 ἀεὶ
763 528 908 622 οἰόμενοί
933 557 965 603 τι
993 532 1096 626 πέρας
1117 524 1266 624 εὑρήσειν

100 645 164 730 περὶ
189 637 231 708 τὰ
258 643 290 710 ἐν
317 648 387 720 τοῖς
414 639 628 728 ξυμβολαίυις
648 632 908 726 κακουργήματα
928 643 984 708 καλ
1005 643 1079 731 περὶ
1100 632 1123 706 ίί
1145 640 1203 712 νῦν
1224 635 1265 722 δὴ

99 740 153 827 ἐγὼ
179 742 302 829 ἔλεγον,
335 739 545 830 ἀγνοοῦντες,
575 733 626 808 ὅτι
656 741 701 833 τῷ
731 737 801 808 ὅντε
829 733 936 832 ὥσπερ
953 733 1079 832 Ὕδραν
1099 745 1266 832 τέμνουσι.

100 848 160 912 Καὶ
180 842 263 932 μὴν,
280 846 362 940 ἔφη,
383 842 443 914 οὐκ
465 843 547 912 ἄλλο
569 845 602 911 τί
622 868 658 931 με
679 844 842 914 ποιοῦσιν.
866 840 972 932 ΙἘγὼ
991 852 1052 933 μὲν
1075 846 1202 927 τοίνυν,
1223 831 1265 928 ἦν

98 944 127 1014 δ’
159 944 233 1033 ἐγὼ,
267 946 306 1016 τὸ
334 951 487 1018 τοιοῦτον
509 938 596 1026 εἶδος
622 941 731 1033 νόμων
760 950 836 1036 πέρι
861 953 920 1016 καί
950 949 1119 1030 πολιτείας
1141 944 1207 1018 οὔτ’
1231 950 1265 1019 ἐν

97 1053 194 1130 κακῶς
214 1048 279 1120 οὔτ’
304 1053 340 1120 ἐν.
359 1039 393 1120 εὖ
416 1053 650 1144 πολιτευομένῃ
671 1045 765 1118 πόλει
794 1047 885 1144 ᾤμην
906 1047 948 1120 iii
969 1054 1036 1120 δεῖν
1057 1048 1115 1121 τὸν
1136 1048 1265 1135 ἀληθι-

97 1151 147 1224 νὸν
167 1157 361 1242 νομοθέτην
387 1149 706 1245 πραγματεύεσθαι·
736 1155 770 1222 ἐν
790 1155 831 1248 τῇ
850 1159 911 1242 μὲν
933 1145 985 1222 dte
1007 1151 1178 1250 ἀνωφελῆ,
1207 1159 1264 1230 καὶ

97 1261 185 1326 πλέον
209 1254 319 1341 οὐδὲν,
348 1261 382 1327 ἐν
403 1261 438 1327 δὲ
461 1259 517 1354 τῇ,
548 1247 599 1326 ίίτι
624 1253 746 1345 τὰμὲν
768 1251 876 1326 αῦτιῦν
896 1253 959 1326 νῦν
980 1253 1136 1330 ὁστισοῦν
1157 1250 1265 1351 εῦροι,

98 1357 133 1428 roi
152 1365 195 1442 δὲ,
218 1353 271 1430 ὅτι
293 1357 469 1451 αὐτόματα
491 1361 614 1430 ἔπεισιν
636 1362 670 1426 ἐκ
693 1361 756 1427 raia
777 1360 970 1450 ἔμπροσθεν
991 1357 1265 1451 ἐπιτηδευμάτων.

97 1465 137 1530 lia
159 1465 360 1551 intelligitur,
393 1487 488 1551 quam
509 1485 622 1551 parum
643 1471 728 1530 reete
749 1466 1037 1550 Morgeusternius,
1059 1486 1176 1534 comm.
1200 1469 1258 1532 111.

97 1589 124 1651 p.
142 1571 208 1636 isti.
228 1572 299 1638 181.
315 1591 398 1655 sqq„
420 1567 448 1636 si
469 1571 556 1636 Plato
576 1566 771 1651 reipublicae
786 1569 946 1650 perfectae
960 1567 1096 1636 formam
1110 1568 1265 1641 exhibere

97 1679 124 1736 et
142 1669 360 1742 demonstrare
381 1673 535 1750 voluerit,
567 1673 727 1754 quomodo
756 1669 825 1736 talis
849 1671 1029 1758 respublica
1048 1671 1120 1742 lieri
1140 1675 1261 1764 possit,

97 1773 258 1853 desideret,
286 1797 368 1861 quae
390 1775 535 1840 considio
557 1793 592 1840 se
613 1774 759 1840 omittere
781 1770 858 1838 dicit
879 1774 985 1854 Plato,
1008 1776 1165 1848 rationem
1182 1779 1265 1844 iudi·

96 1876 204 1948 ciorum
225 1888 258 1946 et
280 1877 492 1961 vectigalium,
516 1875 587 1943 alia.
625 1878 755 1943 Poterat
772 1881 853 1944 haec
873 1880 1019 1946 omittere
1038 1879 1127 1948 Plato
1149 1883 1177 1946 si
1191 1902 1266 1966 para·

94 1983 174 2062 [aciae
187 1981 381 2066 reipublicae
393 1979 530 2048 formam
546 1977 728 2049 describere
743 1980 858 2060 vellet3
881 2001 947 2048 non
964 1989 1089 2068 poterat
1103 1987 1261 2064 omittere,

96 2083 314 2162 siccitatum,
345 2083 453 2170 quales
474 2083 663 2169 plerumque
685 2092 775 2162 suut,
801 2083 958 2162 rationem
983 2087 1128 2157 baberet.
1183 2092 1264 2160 Nam

95 2189 160 2262 talia
177 2190 286 2259 facilia
305 2187 437 2256 inventu
458 2209 529 2256 esso
550 2187 635 2266 dicit,
659 2197 691 2256 et
711 2197 766 2256 aut
785 2197 897 2272 sponte
919 2188 1021 2275 serpsi,
1044 2199 1100 2258 sui
1119 2195 1263 2278 neglecta

94 2290 198 2360 civium
224 2294 416 2362 educatione
444 2293 550 2364 inania
576 2290 690 2377 fore*).
735 2295 805 2360 Non
831 2300 958 2378 poterat
978 2300 1085 2361 tamen
1107 2295 1263 2367 eiusmodi

91 2415 137 2460 res
162 2396 343 2484 relinquere
371 2399 481 2473 Plato,
517 2397 545 2469 iti
574 2394 609 2467 in
636 2394 762 2465 civitate
788 2395 938 2466 iustitiam
962 2407 1140 2485 quaereret.
1183 2403 1263 2471 Nam

94 2499 146 2565 uisi
166 2504 296 2570 afferret
316 2498 467 2572 iustitiam
488 2498 648 2583 cognitam
668 2500 731 2565 iam
754 2501 794 2566 ad
811 2499 1057 2583 disputationem
1071 2505 1112 2568 de
1127 2501 1263 2580 civitate,

94 2602 142 2670 ubi
160 2603 297 2674 iustitiae
319 2605 476 2687 originem
496 2601 632 2673 inveniri
653 2622 783 2688 sperare
805 2610 943 2686 poterat,
966 2603 1026 2671 nisi
1047 2604 1081 2672 in
1101 2607 1171 2672 hisi
1192 2605 1265 2674 Dis-

94 2707 202 2788 putavit
226 2717 335 2777 tamen
362 2709 402 2773 de
428 2707 478 2775 bis
508 2725 636 2794 quoque
662 2705 821 2792 quantum*
839 2709 1056 2788 necessarium
1083 2705 1261 2776 videbatur.

95 2807 135 2874 ci.
157 2814 194 2878 de
213 2810 344 2881 iudiciis
363 2809 445 2885 dieta
466 2813 526 2878 sub
548 2808 643 2878 ίὶιιουι
665 2811 751 2878 tertii
772 2808 859 2876 libri.
908 2811 1006 2879 Vides
1027 2814 1123 2896 igitur
1143 2834 1202 2881 cur
1223 2815 1264 2881 de

94 2911 237 2984 eiusmodi
262 2912 358 2983 rebus
379 2913 413 2984 iu
435 2914 561 2981 civitate
582 2911 722 2999 perfecta
742 2935 808 2980 non
828 2913 914 2980 dicat
933 2913 1038 2994 Plato,
1065 2919 1263 3004 eandemque

92 3019 233 3086 radonem
264 3019 359 3085 etiam
387 3019 427 3084 ad
454 3018 621 3103 sequentia
642 3017 822 3094 transferes.
865 3021 945 3085 Nam
967 3039 1069 3104 quae,
1099 3018 1264 3104 principiis

92 3129 166 3190 recte
187 3122 366 3209 explicatis,
388 3115 495 3188 facilia
515 3121 645 3195 inventu
665 3127 749 3198 suni,
772 3139 833 3185 nec
853 3119 1105 3207 philosophicam
1122 3124 1264 3205 disputa·

93 3221 199 3294 boneia
220 3224 418 3304 desiderant,
442 3231 496 3292 aut
516 3231 628 3310 sponte
649 3232 838 3310 sequuntur,
860 3245 899 3292 ea
920 3231 1006 3290 recte
1028 3223 1135 3292 ambit
1155 3227 1262 3310 pbilo-

94 3332 211 3413 sophus.
251 3330 292 3398 Ti
306 3315 382 3409 οῦν,
403 3327 478 3421 ἔφη,
501 3326 550 3396 ἔτι
570 3323 611 3397 ἂν
627 3321 711 3414 Ιἡμῖν
732 3324 849 3395 λοιπὸν
864 3327 921 3408 τῆς
934 3328 1140 3416 νομοθεσίας
1155 3327 1263 3416 εἴηἽς

92 3433 153 3502 Καὶ
169 3430 233 3520 ἐγὼ
256 3419 364 3512 εἶπον,
391 3421 443 3498 ὅτι
464 3424 543 3518 ἡμῖν
561 3436 621 3517 μὲν
642 3425 754 3513 οὐδὲν,
776 3429 822 3523 τῷ
841 3432 955 3522 μέντοι
985 3423 1187 3512 Ἀπόλλωνι,
1216 3428 1264 3524 τῷ

153 3619 173 3688 ¹)
190 3624 266 3688 Quae
286 3622 411 3686 deinceps
429 3633 444 3672 a
462 3619 672 3689 Morgentiernio
692 3622 719 3672 in
735 3619 1102 3684 Platonerepreirenduntur‚
1123 3620 1211 3686 equod
1232 3621 1261 3674 in

92 3710 141 3774 ipsa
167 3715 279 3767 civitatis
308 3711 392 3762 torma
417 3710 603 3762 constituenda
629 3710 693 3761 iiiuri
718 3710 795 3772 pisae
815 3723 867 3761 non
887 3716 1057 3776 prospectum
1076 3713 1125 3774 sit,
1151 3717 1181 3762 ut
1199 3721 1262 3777 apia

90 3802 176 3854 urium
205 3801 369 3864 reipuhiicae
398 3801 591 3862 temperatione
616 3799 780 3862 producatur
802 3811 834 3851 ea
861 3801 980 3861 potentin
1004 3811 1053 3851 stu
1075 3801 1115 3852 ris
1140 3801 1260 3867 physica,

94 3899 136 3951 per
154 3905 249 3955 quam,
280 3891 302 3941 ai
329 3890 437 3953 quando
462 3889 585 3952 pubiicse
606 3889 684 3941 saluti
703 3889 862 3941 irrationaiis
879 3891 959 3940 nnius
977 3893 1024 3940 ant
1041 3887 1159 3950 pierium
1177 3891 1260 3971 iibido

91 3979 247 4042 serenetur,
266 3979 332 4032 baec
344 3977 421 4030 iaeiie
434 3980 504 4031 rinei
523 3984 551 4031 et
568 3980 699 4032 contineri
718 3984 817 4044 queat»
836 3983 872 4030 et.
892 3989 925 4030 ει
942 3981 1014 4034 reete
1032 3980 1260 4041 reprehenderan-

91 4071 137 4129 tur,
154 4071 176 4122 ai
194 4072 221 4122 in
239 4069 291 4122 buc
308 4067 397 4132 Opere
417 4081 471 4128 non
490 4067 524 4120 de
542 4069 649 4122 titileia
663 4066 784 4132 perseus
799 4079 886 4121 sermo
900 4072 980 4120 esset.
1015 4065 1085 4120 Nam
1102 4071 1131 4130 in
1149 4072 1256 4130 civitate
1316 4125 1317 4128 ,

90 4157 198 4223 ueriectn
208 4159 325 4215 omnium
337 4169 428 4210 eornm
439 4169 508 4225 quta
521 4156 796 4212 πολεμίωνλείαν
807 4157 873 4222 uerit
885 4154 955 4210 bont
968 4155 1092 4212 educatio
1105 4165 1132 4213 et
1144 4163 1255 4218 institit.

151 4272 186 4342 ”i
202 4274 245 4352 bd
261 4273 342 4331 δεεστ
358 4287 467 4340 ternuc
485 4287 567 4333 uuam
584 4275 771 4340 disnutuionis
789 4279 893 4342 partam
910 4273 978 4332 ieet
995 4273 1077 4340 rerba
1094 4274 1202 4334 docent.
