3312 5238
866 415 908 438 ι·-
951 379 1018 454 1nt'
1055 413 1111 439 -·

396 553 546 635 tanquam
560 533 621 612 ''adss
635 539 776 630 regulam
801 538 1068 614 accommodatum
1091 537 1161 616 esse
1181 545 1381 636 'appareret‘
1409 549 1575 616 simulasse

399 660 520 728 autem,
553 657 588 716 ut
615 654 741 737 operis,
775 656 860 737 quod
888 651 921 716 in
945 647 1128 739 quaerenda
1154 652 1271 720 iustitia
1296 660 1483 744 occupatum
1510 675 1577 722 esse

396 753 500 840 fingit,
528 758 610 820 ratio
636 761 810 831 constaret,
847 755 997 822 iustitiam
1028 775 1062 821 su
1091 776 1258 842 quaerere.
1304 759 1427 836 Quanta
1448 758 1483 822 id
1512 765 1578 824 arte
1641 813 1642 816 ,

397 857 514 926 iactum
529 879 531 886 ·
544 858 584 923 sit
613 879 653 924 ex
678 865 787 924 nostra
811 857 1156 945 disputationepatere
1186 863 1388 926 arbitramur.
1439 858 1578 928 Videbat
1641 883 1642 950 ι

398 969 504 1027 autem
535 960 624 1028 Plato
655 981 768 1028 eorum
796 983 878 1046 qnae
899 960 993 1027 dicta
1026 963 1088 1028 sint
1121 967 1263 1029 omnium
1295 984 1360 1030 non
1390 963 1484 1030 aliam
1514 965 1579 1030 rim
1641 959 1642 970 ’

399 1085 480 1142 esse,
508 1085 602 1152 quam
629 1064 760 1131 excitari
780 1065 822 1131 iis
844 1065 992 1150 speciem,
1020 1063 1171 1132 iustitiam
1193 1087 1262 1133 csse
1287 1065 1375 1152 quod
1394 1075 1576 1152 quaereret,

396 1167 462 1234 sed-
475 1169 635 1234 inventam
655 1189 725 1234 uam
743 1189 908 1244 uon-esse,
930 1169 1152 1238 inveniendam
1169 1191 1260 1248 vero,
1287 1178 1323 1236 ut
1345 1174 1481 1238 haberet
1496 1171 1578 1255 opti·

397 1293 450 1338 ma
476 1271 585 1339 civitas
608 1270 848 1338 fundamentum
870 1291 935 1357 quo
956 1272 1085 1339 nitatur.
1115 1258 1241 1359 'ltaque
1258 1271 1320 1339 hoc
1342 1273 1411 1340 looo
1432 1273 1472 1340 ad
1489 1275 1578 1341 iusti-

344 1407 348 1416 ·
397 1377 489 1442 ιιιιιιΙ
509 1395 587 1442 vere
624 1374 843 1441 inveniendam
868 1387 905 1440 ‘aa
933 1369 1077 1460 accingit.
1129 1377 1339 1444 Indicavimus
1368 1398 1464 1464 snpra
1501 1376 1578 1464 qnid

397 1479 468 1546 vitii
493 1477 628 1544 haberet
652 1477 790 1544 Plutonis
815 1479 907 1553 ratio,
937 1485 1075 1564 quatuor
1097 1478 1228 1546 uirtutes
1251 1480 1425 1547 cardinales
1447 1480 1481 1546 in
1501 1479 1577 1547 civi-

397 1590 467 1649 tate·
485 1583 529 1649 ita
554 1581 745 1668 quaerendi,
768 1590 804 1646 ιιι
828 1577 928 1648 tribus
949 1581 1084 1647 iuuentis
1106 1582 1261 1668 reliquam
1286 1590 1494 1671 quartamque
1517 1583 1577 1650 hoc

318 1685 319 1688 ’
398 1690 468 1774 ipso
490 1689 648 1752 iuventam
671 1707 740 1752 esse
762 1692 940 1773 appareret.
985 1690 1064 1752 Nam
1091 1686 1289 1774 probandum
1317 1691 1458 1772 primum
1479 1687 1576 1754 luisse
1641 1749 1642 1766 ,

400 1789 689 1876 quatuorvirtutes
710 1783 870 1877 complere
892 1807 1019 1856 omnem
1040 1789 1166 1857 virtutis
1187 1789 1370 1856 ambitum,
1398 1793 1492 1870 Quod
1513 1811 1576 1857 uon

398 1892 576 1979 ignorantia
597 1893 683 1970 reri,
716 1897 773 1960 sed
799 1901 933 1979 propter
961 1899 1067 1980 operis
1087 1895 1260 1961 institutam
1283 1895 1438 1962 rationem
1460 1894 1576 1961 lactum

400 2017 488 2073 esse,
516 2003 552 2060 ut
572 2005 757 2091 argumento
779 2004 869 2067 certo
891 1995 1046 2084 firmoque
1068 2006 1257 2075 ιοιιιιιιιοι,1
1253 1998 1334 2066 ianr
1356 2005 1493 2118 quatuor
1515 1991 1578 2064 ιιιέ

399 2108 501 2177 tutes,
525 2099 687 2165 extribus
709 2096 1040 2177 animifacultatibus,
1063 2101 1259 2189 itarcpetit,
1281 2103 1510 2188 ntunicuiquc
1532 2103 1578 2168 la·
1641 2191 1642 2196 ι

400 2202 623 2268 collationem
644 2203 792 2268 virtutem
816 2201 1046 2280 accommodet,
1076 2225 1249 2306 omnesque
1270 2210 1326 2271 luas
1347 2205 1481 2275 virtutes
1502 2225 1576 2273 con·
1641 2217 1642 2226 ’

399 2306 523 2374 iunctas
544 2297 694 2372 iustitiam
717 2327 785 2372 esso
808 2307 912 2392 dicat..
946 2311 1030 2374 Num
1051 2329 1131 2395 quae
1145 2313 1194 2374 itu
1207 2308 1397 2396 relinquitur
1410 2308 1576 2387 dubitatio,

399 2429 463 2476 non
484 2409 595 2494 quaeri
615 2409 766 2477 iustitiam
788 2413 821 2478 iu
843 2411 988 2478 ciuitate?
1018 2416 1175 2478 Nemeae
1197 2413 1276 2480 banc
1294 2413 1379 2478 viam
1392 2434 1458 2482 nou
1474 2414 1577 2480 statim

399 2513 487 2579 initio
515 2516 603 2580 Plato
631 2513 779 2581 iniverit‘l
826 2514 910 2594 Quid
940 2517 1037 2600 igitur
1063 2515 1253 2604 relinquitur
1280 2516 1379 2592 aliud,
1418 2538 1514 2604 quam
1544 2518 1577 2583 in

400 2617 525 2684 civitate
561 2623 682 2684 versari
714 2619 899 2686 orationem
921 2625 1084 2688 statueret
1070 2620 1192 2686 lScd
1218 2620 1383 2687 audiamus
1413 2621 1576 2688 Platonem

401 2720 505 2808 ipsum
526 2721 582 2840 qui
603 2721 721 2787 iustitia
743 2731 778 2788 ιιι
797 2727 894 2788 modo
916 2722 1053 2790 diximus
1072 2725 1210 2801 inventa,
1234 2723 1311 2789 baec
1325 2722 1425 2791 addit:
1449 2727 1575 2806 Μηὸὲι,

401 2811 531 2904 ινδΙ
520 2819 604 2909 syci,-
625 2847 675 2890 πω
700 2819 787 2892 πάνυ
809 2851 934 2912 παγιως
955 2823 1039 2894 αὐτὸ
1060 2829 1217 2914 λέγωμεν,
1248 2823 1356 2894 οἰιλΗ
1341 2825 1397 2895 εὰν
1417 2823 1518 2914 μιν
1499 2834 1577 2913 nuic
1641 2899 1642 2902 ι

400 2931 457 2994 καὶ
486 2922 532 3006 εἰς
558 2930 614 2994 ela
636 2931 859 2996 ἕκαστοντῶν
881 2925 1121 3020 ἄνθρώπων”
1095 2955 1145 2997 ιον
1167 2928 1204 2997 τὸ
1227 2921 1313 3008 εἶδος
1333 2932 1434 2997 τοῦτο
1455 2926 1576 3054 ὁιιολο-
1641 2923 1642 2964 ¹

399 3032 499 3118 γῆται
521 3031 614 3097 και’
599 3055 660 3098 exce
652 3023 930 3153 δικαιοσύνη
901 3057 1002 3114 sevus,
1029 3029 1319 3124 συγχωρησόμεθα
1340 3031 1420 3116 ἤδη·
1451 3035 1483 3100 τι
1512 3032 1576 3123 γὰρ

400 3137 494 3202 acl'
479 3135 630 3226 εροῦμινι
660 3159 686 3202 ει
682 3131 745 3202 ἰδ
731 3133 827 3221 ἐμὴ,
850 3131 924 3203 τότε
946 3133 1029 3203 ἄλλο
1051 3163 1084 3204 τι
1107 3132 1322 3232 σκεψόμεθα.
1366 3135 1414 3204 Ci.
1438 3135 1494 3203 lib.
1521 3141 1574 3206 lv.

334 3313 337 3318 ¹
399 3259 432 3327 ιι.
467 3241 539 3305 ιιι-ιι.
572 3243 616 3306 St:
663 3240 803 3306 Socratis,
828 3244 906 3306 baec
935 3245 1033 3307 verba
1062 3239 1238 3326 siguificare
1264 3249 1384 3308 tantum
1409 3240 1575 3318 videntur,

401 3343 493 3408 etiam
524 3342 656 3409 altorum
685 3343 761 3408 illud
789 3343 822 3409 in
849 3345 1052 3431 quoinstitia
1075 3346 1147 3412 insit
1168 3339 1391 3412 arcessendum
1413 3365 1500 3420 esso,
1532 3345 1578 3410 ui·

400 3445 600 3534 dandumque
627 3467 703 3512 num
729 3447 866 3513 iustitiae
888 3448 974 3514 nolio
996 3447 1030 3514 in
1051 3450 1175 3516 civitate
1196 3441 1342 3515 iuventae
1364 3437 1459 3514 etiam
1479 3446 1516 3514 in
1538 3469 1577 3514 eo
1641 3501 1642 3530 ,

400 3549 591 3617 coucedatur
617 3549 734 3616 iustitia
765 3571 844 3617 osse.
887 3557 999 3637 Neque
1020 3553 1053 3620 id
1076 3560 1258 3640 exspectare
1280 3573 1346 3618 non
1367 3550 1490 3630 debuit,
1523 3553 1577 3640 qui

401 3655 506 3741 operis
539 3673 635 3740 supra
662 3659 859 3741 propositam
886 3659 1041 3723 rationem
1069 3657 1222 3724 memoria
1250 3664 1383 3722 teneret.
1434 3657 1469 3722 Si
1495 3677 1576 3722 vero

399 3779 469 3823 rem
498 3761 674 3824 accuratius
701 3757 896 3835 consideres,
925 3757 1089 3832 miraberis
1111 3781 1203 3835 sane,
1233 3782 1290 3826 cur
1311 3759 1338 3826 si
1358 3759 1479 3826 iustitia
1499 3781 1576 3826 vere

400 3865 531 3927 inventa
552 3862 593 3928 sit
614 3862 646 3928 in
669 3860 809 3939 civitate,
835 3866 869 3927 td
885 3885 947 3928 oon
961 3868 1092 3948 firmiter
1110 3867 1261 3950 offirmari
1276 3866 1389 3940 debeat,
1406 3882 1475 3938 uec,
1498 3885 1577 3950 quo-

401 3965 486 4032 niam
504 3966 675 4032 incivitate
691 3967 793 4032 maior
814 3965 940 4033 iustitia
953 3969 1028 4034 insit
1049 3973 1081 4034 et
1101 3967 1223 4035 facilius
1240 3967 1459 4052 cognoscenda
1480 3989 1575 4053 quam

400 4071 434 4135 in
456 4069 586 4153 singulis
608 4070 801 4174 quibusque,
830 4071 856 4135 si
883 4070 959 4158 quid
986 4074 1069 4139 lorte
1091 4071 1280 4138 discriminis
1301 4071 1384 4137 inter
1405 4080 1575 4170 utrumque
1641 4103 1642 4114 ι

401 4163 563 4260 appareat,
596 4173 630 4238 id
650 4173 728 4239 inde
745 4165 926 4259 repetatur,
956 4176 1041 4264 quod
1063 4183 1209 4263 tanquam
1230 4174 1451 4241 minutioribus
1474 4173 1574 4245 literis

400 4286 432 4343 et
453 4275 683 4344 difficilioribus
706 4279 834 4366 cognitu
853 4279 969 4369 scripta
991 4281 1032 4348 sit
1058 4279 1176 4346 iustitia
1203 4278 1236 4346 in
1266 4278 1378 4347 animis
1399 4278 1573 4355 hominum,
