3298 5232
565 443 608 469 -
646 411 712 484 ιιι
751 441 795 468 »-

168 572 252 641 Dein
282 577 429 643 Socrates
458 597 497 643 ea
527 574 645 666 repetit
675 599 756 666 quae
786 581 881 645 tertio
916 568 1071 644 libre'3iu
1106 577 1260 665 eligendis

80 679 320 764 magistratibus
346 679 543 748 observanda
571 703 641 748 esse
664 691 841 784 monuerat.
886 681 932 749 cf.
953 680 1009 750 lih.
1034 684 1097 760 lll,
1128 703 1160 769 p.
1183 684 1257 760 bib,

79 785 120 847 A.
155 788 234 848 Tum
253 780 376 850 τοιαῦτ’
402 782 502 861 ἄττα,
525 785 642 872 inquit,
666 783 706 867 ἠν
727 781 770 852 τδι
792 781 950 873 λεγόμενα
972 781 1184 876 παρεξιόντος
1206 791 1261 852 καλ

79 889 424 976 παρακαλυπτομένου
447 890 507 956 τοῦ
528 885 638 975 λόγου,
661 891 892 982 πεφοβημένου
907 893 1006 956 κινεῖν
1019 885 1057 956 τὸ
1070 890 1129 956 νῦν
1142 884 1261 976 παρόν.

76 985 339 1091 ’ᾼληδέστατω
363 991 443 1082 ἔφη,
466 995 583 1078 λέγεις·
609 995 776 1080 μέμνημαι
797 987 873 1082 γάρ.
914 987 1034 1070 Ὄκνος
1054 989 1137 1082 γὰρ,
1168 991 1279 1082 ἔφην,’

82 1091 109 1158 ὠ
133 1094 224 1186 φίλε,
254 1091 331 1178 ἐγὼ,
360 1090 458 1162 εἰπεῖν
479 1092 519 1160 τὰ
541 1097 599 1162 νῦν
620 1091 923 1183 ἀποτετολμημένα·
945 1095 1003 1162 νῦν
1024 1097 1060 1160 δὲ
1082 1096 1180 1162 τοῦτο
1201 1103 1262 1184 μὲν

82 1192 304 1282 τετολμήσθω
334 1193 450 1277 εἰπεῖν,
482 1190 534 1264 ὅτι
559 1195 644 1276 τοὺς
665 1193 924 1287 ἀκριβεστάτους
946 1193 1100 1292 φύλακας
1122 1193 1263 1290 φιλοσό-

82 1323 172 1390 ιμους
193 1301 245 1366 δεῖ
262 1291 480 1368 καθιστάναι.
530 1297 697 1392 Εἰρήσθιυ
723 1298 803 1388 γάρ,
833 1301 907 1395 ἔφη.
962 1303 1009 1370 cf.
1042 1321 1074 1390 p.
1103 1306 1182 1379 503,
1220 1307 1259 1368 A.

81 1403 250 1469 Decliuans
278 1403 511 1491 quodammodo
540 1409 582 1470 ab
605 1407 644 1472 iis
664 1425 746 1491 quae
768 1412 860 1473 autea
882 1404 1019 1480 dixerat,
1054 1425 1179 1471 causam
1203 1425 1261 1472 cur

82 1515 177 1572 antea
197 1510 280 1574 hunc
308 1512 349 1574 de
374 1512 608 1595 magistratibus
630 1509 734 1576 locum
752 1523 822 1574 'nou
846 1511 1021 1576 accuratius
1044 1509 1260 1592 explicaverit,

4 1615 5 1622 ’
83 1609 185 1676 affert.
235 1615 314 1677 Nam
347 1631 443 1697 quum
472 1619 565 1678 ante'a
594 1616 678 1678 hauc
710 1617 749 1678 de
776 1616 1014 1697 magistratibus
1041 1614 1259 1700 quaestionem

4 1733 5 1754 ³
84 1713 179 1779 simul
209 1733 280 1780 cum
313 1715 497 1800 quaestione
513 1719 567 1782 lde
587 1717 755 1782 mulionem
780 1717 1018 1802 liberorumque
1039 1718 1262 1786 commuuione

4 1821 5 1860 ³
83 1820 231 1884 iniectam
255 1839 324 1883 esse
339 1819 527 1900 simulasset,
555 1841 655 1905 eaque
680 1821 748 1906 ipsa
765 1839 802 1885 re
815 1807 999 1896 effecisset,
1025 1827 1062 1886 ut
1085 1823 1165 1886 haee
1188 1821 1258 1887 sine

4 1951 5 1964 ι
83 1921 333 2004 reprehensione
363 1922 520 2006 explicare
553 1943 646 2010 posse
682 1926 884 2000 viderentur,
928 1925 992 1988 iam
1009 1941 1089 1989 uon
1108 1923 1258 2012 *amplius

84 2027 184 2091 utitur
213 2043 250 2090 ea
271 2019 490 2103 excusatione,
525 2026 581 2092 scd
601 2025 798 2112 prohabilem
821 2036 945 2093 tantum
971 2029 1126 2094 rationem
1150 2033 1264 2105 atiert',

85 2149 142 2194 cur
167 2131 251 2193 hunc
275 2127 398 2205 locum,
430 2129 494 2194 iam
520 2138 612 2196 antea
639 2131 790 2218 explicari
810 2129 974 2214 coeptum,
1005 2147 1071 2196 mou
1091 2132 1261 2200 ueduxsn't

82 2233 124 2298 ad
151 2219 255 2297 finem.
300 2226 415 2299 Veram
447 2241 551 2301 tamen
582 2255 646 2300 nou
671 2227 779 2300 ah'erri
807 2233 899 2300 huirrs
924 2237 1105 2302 omissionis
1132 2253 1269 2302 causam·

5 2343 7 2384 ῑ
82 2337 146 2400 iam
168 2343 259 2401 antea
282 2337 536 2420 significavimus.
581 2341 621 2402 Et
638 2335 782 2436 proiecto
803 2339 956 2406 Socrates
970 2357 1035 2404 uon
1053 2341 1080 2404 is
1100 2347 1178 2415 erat,
1205 2344 1260 2426 qui

4 2429 6 2492 ὲ
82 2459 263 2505 sermonem
296 2439 433 2526 aliquem
464 2447 612 2524 proptor*
631 2439 845 2506 difficultatem
881 2441 1106 2527 disputationis·
1131 2445 1257 2508 vitaret.

81 2543 187 2610 Facile
209 2544 304 2627 igitur
324 2546 427 2628 quiris
452 2553 484 2608 et
505 2541 645 2608 simulari
666 2545 735 2616 ista,
761 2551 794 2608 et
816 2563 873 2608 cur
890 2543 1077 2610 simulentur
1097 2545 1260 2630 intelliget,

4 2641 5 2646 ’
82 2649 143 2713 Illo
170 2650 253 2712 enim
280 2650 351 2714 loco
380 2649 519 2713 institiae
547 2646 638 2714 etin
663 2645 787 2712 civitate
816 2655 847 2712 et
876 2649 908 2712 in
929 2645 1058 2734 singulis
1080 2647 1260 2716 hominihus

82 2753 244 2835 indagatio
268 2771 333 2817 nou
362 2751 495 2838 amplius
524 2749 647 2816 differri
677 2767 770 2836 posse
803 2749 978 2818 videbatur.
1022 2756 1140 2820 Verum
1163 2752 1262 2838 igitur

84 2854 239 2939 estquod
263 2854 323 2920 hoc
345 2853 416 2921 loco
437 2854 511 2923 dicit
534 2857 635 2931 Plato,
662 2853 811 2920 omissam
837 2874 906 2920 esse
931 2859 1013 2925 bauo
1044 2859 1261 2942 quaestionem

84 2959 196 3046 priore
212 2957 294 3034 loeo,
316 2979 374 3024 nec
396 2955 586 3024 sufficienter
606 2956 810 3044 explicatam,
834 2960 866 3023 id
888 2951 993 3023 tamur
1009 2961 1114 3042 ipsum
1133 2963 1260 3044 prohat,

84 3067 259 3128 cohaerere
283 3066 368 3127 huno
392 3065 431 3127 de
457 3060 652 3148 pbilosophis
677 3059 911 3146 magistratibus
936 3061 1040 3128 locum
1067 3081 1139 3128 eam
1164 3080 1263 3147 quae·

4 3185 7 3222 r
83 3163 240 3232 saionibus
264 3163 429 3251 politicis·
458 3165 603 3232 Ceterum
631 3164 752 3230 timoris
778 3162 886 3240 istius,
920 3181 985 3253 quo
1011 3181 1047 3232 aa
1071 3164 1263 3249 impeditum

4 3285 7 3328 τ
84 3291 157 3335 esse
175 3273 324 3336 Socrates·
344 3268 458 3345 tradit,
492 3289 555 3354 quo
578 3267 681 3334 minus
709 3271 883 3334 accuratius
907 3268 1189 3352 explicarsthuuc
1213 3270 1260 3335 loa

4 3391 6 3432 ι
85 3393 158 3438 cum
182 3375 222 3437 de
242 3370 488 3458 magistratibus,
515 3373 548 3436 in
569 3371 651 3438 libro
674 3370 1096 3458 tertionullumvestigium
1118 3383 1261 3458 apparet

4 3499 5 3526 ν
82 3481 150 3542 Eos
178 3495 296 3562 paucos
320 3473 444 3542 laturos
467 3495 537 3542 esse
556 3475 708 3558 deinceps
732 3485 854 3555 monet,
885 3476 1033 3564 qnoniam
1054 3479 1139 3541 haud
1164 3497 1261 3561 saepe

4 3601 5 3640 t
83 3578 223 3665 ingenii,
254 3583 351 3644 animi
376 3578 582 3666 corporisque
604 3578 784 3657 facultates,
816 3601 897 3666 quae
921 3579 1101 3666 philosophi
1127 3589 1258 3648 naturae

4 3705 5 3746 ι
83 3691 192 3770 partes
213 3685 289 3758 sint,
316 3683 408 3749 simul
429 3684 462 3748 iri
493 3701 558 3748 uno
587 3681 875 3767 deprehendantur.
919 3686 1156 3750 Examinaudos-
1181 3702 1258 3750 vcro

4 3809 5 3830 t
85 3807 156 3852 esse
188 3808 252 3852 non
284 3789 388 3852 solum
415 3786 455 3852 iis
487 3785 668 3864 laboribus,
698 3785 883 3863 timoribus,
915 3785 1144 3873 voluptatibus,
1175 3809 1265 3874 quac.
1321 3805 1324 3811 '

84 3898 177 3955 antea
198 3889 298 3955 dictae
317 3893 391 3967 sint,
418 3894 473 3956 sed
494 3891 688 3956 exercendos
710 3891 803 3956 etiam
825 3912 894 3955 esse
913 3889 1055 3976 plurimis
1073 3890 1257 3975 disciplinis,

84 4001 119 4058 ut
141 3981 306 4079 appareat,
319 4016 403 4070 num
426 3995 578 4060 maximas
600 3996 694 4058 etiam
717 3993 896 4078 disciplinas
921 3991 1004 4059 ferre
1025 3993 1159 4062 valeant.
1191 4007 1194 4014 '

170 4093 386 4182 Interrogatus
415 4095 529 4164 deinde
557 4119 634 4184 quas
663 4107 756 4164 vocet
786 4119 923 4164 summas
952 4096 1131 4185 disciplinas
1165 4084 1265 4181 Mun-¹

83 4196 231 4287 μονιύεις
251 4204 311 4287 μέν
332 4225 412 4282 που,
433 4201 546 4287 inquit,
568 4193 621 4268 ὅτι
639 4199 758 4289 τριττὰ
781 4203 849 4283 εἴδη
870 4201 980 4294 ψυχῆς
1002 4197 1259 4290 διαστησάμενοι

85 4300 336 4394 ξυνεβιβάζομεν
358 4300 568 4387 δικαιοσύνης
589 4329 628 4371 τε·
644 4308 720 4394 τῷν
739 4309 802 4374 καλ
817 4300 1033 4401 σωφροσύνης
1046 4311 1110 4374 κοιλ
1126 4302 1262 4398 ἀνδρίας
