<?xml version="1.0" encoding="UTF-8"?>
<!DOCTYPE html PUBLIC "-//W3C//DTD XHTML 1.0 Transitional//EN"
    "http://www.w3.org/TR/xhtml1/DTD/xhtml1-transitional.dtd">
<html xmlns="http://www.w3.org/1999/xhtml" xml:lang="en" lang="en">
 <head>
  <title>
</title>
<meta http-equiv="Content-Type" content="text/html;charset=utf-8" />
  <meta name='ocr-system' content='tesseract 3.04.00' />
  <meta name='ocr-capabilities' content='ocr_page ocr_carea ocr_par ocr_line ocrx_word'/>
</head>
<body>
  <div class='ocr_page' id='page_1' title='image "./prolegomenaadpl00rettgoog_0122.png"; bbox 0 0 3312 5238; ppageno 0'>
   <div class='ocr_carea' id='block_1_1' title="bbox 545 403 782 470">
    <p class='ocr_par' dir='ltr' id='par_1_1' title="bbox 545 403 782 470">
     <span class='ocr_line' id='line_1_1' title="bbox 545 403 782 470; baseline -0.004 0"><span class='ocrx_word' id='word_1_1' title='bbox 545 427 591 452; x_wconf 89' lang='lat'><strong>·-</strong></span> <span class='ocrx_word' id='word_1_2' title='bbox 635 403 694 470; x_wconf 89' lang='grc'><strong>111</strong></span> <span class='ocrx_word' id='word_1_3' title='bbox 741 438 782 450; x_wconf 95' lang='lat'>-</span> 
     </span>
    </p>
   </div>
   <div class='ocr_carea' id='block_1_2' title="bbox 68 553 1260 2098">
    <p class='ocr_par' dir='ltr' id='par_1_2' title="bbox 68 550 1260 2098">
     <span class='ocr_line' id='line_1_2' title="bbox 72 553 1254 650; baseline -0.002 -22"><span class='ocrx_word' id='word_1_4' title='bbox 72 571 140 628; x_wconf 90' lang='lat' dir='ltr'><strong>tum</strong></span> <span class='ocrx_word' id='word_1_5' title='bbox 164 571 353 646; x_wconf 82' lang='lat' dir='ltr'><strong>argumento</strong></span> <span class='ocrx_word' id='word_1_6' title='bbox 373 575 433 630; x_wconf 86' lang='lat' dir='ltr'><strong>sno</strong></span> <span class='ocrx_word' id='word_1_7' title='bbox 453 559 605 641; x_wconf 73' lang='lat' dir='ltr'><strong>indicent,</strong></span> <span class='ocrx_word' id='word_1_8' title='bbox 632 553 777 650; x_wconf 84' lang='lat' dir='ltr'><strong>repetere</strong></span> <span class='ocrx_word' id='word_1_9' title='bbox 799 581 871 628; x_wconf 90' lang='lat' dir='ltr'><strong>cum</strong></span> <span class='ocrx_word' id='word_1_10' title='bbox 896 559 1035 628; x_wconf 81' lang='lat' dir='ltr'><strong>Socratis</strong></span> <span class='ocrx_word' id='word_1_11' title='bbox 1057 562 1254 635; x_wconf 88' lang='lat' dir='ltr'><strong>sententiam,</strong></span> 
     </span>
     <span class='ocr_line' id='line_1_3' title="bbox 72 665 1255 753; baseline 0 -23"><span class='ocrx_word' id='word_1_12' title='bbox 72 665 341 751; x_wconf 80' lang='lat' dir='ltr'><strong>quemadmodum</strong></span> <span class='ocrx_word' id='word_1_13' title='bbox 367 666 428 753; x_wconf 81' lang='lat' dir='ltr'><strong>ipsi</strong></span> <span class='ocrx_word' id='word_1_14' title='bbox 450 665 630 753; x_wconf 90' lang='lat' dir='ltr'><strong>accipienda</strong></span> <span class='ocrx_word' id='word_1_15' title='bbox 656 665 811 742; x_wconf 86' lang='lat' dir='ltr'><strong>videatur,</strong></span> <span class='ocrx_word' id='word_1_16' title='bbox 836 685 941 730; x_wconf 88' lang='lat' dir='ltr'><strong>nonne</strong></span> <span class='ocrx_word' id='word_1_17' title='bbox 963 673 1051 732; x_wconf 85' lang='lat' dir='ltr'><strong>recto</strong></span> <span class='ocrx_word' id='word_1_18' title='bbox 1074 685 1109 731; x_wconf 86' lang='lat' dir='ltr'><strong>so</strong></span> <span class='ocrx_word' id='word_1_19' title='bbox 1135 667 1255 730; x_wconf 80' lang='lat' dir='ltr'><strong>habere</strong></span> 
     </span>
     <span class='ocr_line' id='line_1_4' title="bbox 71 763 1257 858; baseline 0 -24"><span class='ocrx_word' id='word_1_20' title='bbox 71 768 163 834; x_wconf 87' lang='lat' dir='ltr'><strong>vides</strong></span> <span class='ocrx_word' id='word_1_21' title='bbox 188 769 377 836; x_wconf 83' lang='lat' dir='ltr'><strong>uocabulum</strong></span> <span class='ocrx_word' id='word_1_22' title='bbox 403 764 560 858; x_wconf 73' lang='grc' dir='ltr'><em>νόμιμον,</em></span> <span class='ocrx_word' id='word_1_23' title='bbox 575 791 649 836; x_wconf 87' lang='lat' dir='ltr'><strong>nco</strong></span> <span class='ocrx_word' id='word_1_24' title='bbox 673 781 785 835; x_wconf 85' lang='lat' dir='ltr'><strong>verum</strong></span> <span class='ocrx_word' id='word_1_25' title='bbox 810 789 879 834; x_wconf 89' lang='lat' dir='ltr'><strong>esse</strong></span> <span class='ocrx_word' id='word_1_26' title='bbox 898 789 993 855; x_wconf 88' lang='lat' dir='ltr'><strong>posse</strong></span> <span class='ocrx_word' id='word_1_27' title='bbox 1016 772 1102 854; x_wconf 89' lang='lat' dir='ltr'><strong>qnod</strong></span> <span class='ocrx_word' id='word_1_28' title='bbox 1128 763 1257 834; x_wconf 84' lang='lat' dir='ltr'><strong>Schnei-</strong></span> 
     </span>
     <span class='ocr_line' id='line_1_5' title="bbox 69 866 1257 968; baseline 0 -30"><span class='ocrx_word' id='word_1_29' title='bbox 69 870 336 958; x_wconf 81' lang='lat' dir='ltr'><strong>derusallirmat:</strong></span> <span class='ocrx_word' id='word_1_30' title='bbox 363 875 609 968; x_wconf 21' lang='lat' dir='ltr'><strong>«Quodxautem</strong></span> <span class='ocrx_word' id='word_1_31' title='bbox 630 876 776 938; x_wconf 80' lang='lat' dir='ltr'>Socrates</span> <span class='ocrx_word' id='word_1_32' title='bbox 797 873 831 938; x_wconf 92' lang='lat' dir='ltr'><strong>in</strong></span> <span class='ocrx_word' id='word_1_33' title='bbox 850 873 1009 956; x_wconf 80' lang='lat' dir='ltr'><strong>proximis</strong></span> <span class='ocrx_word' id='word_1_34' title='bbox 1027 866 1257 958; x_wconf 69' lang='grc' dir='ltr'><strong>δόξανόρθὴν</strong></span> 
     </span>
     <span class='ocr_line' id='line_1_6' title="bbox 70 971 1258 1064; baseline 0.003 -22"><span class='ocrx_word' id='word_1_35' title='bbox 70 1001 104 1042; x_wconf 81' lang='grc' dir='ltr'><strong>τε</strong></span> <span class='ocrx_word' id='word_1_36' title='bbox 128 981 185 1042; x_wconf 77' lang='grc' dir='ltr'><strong>καὶ</strong></span> <span class='ocrx_word' id='word_1_37' title='bbox 206 971 348 1064; x_wconf 84' lang='grc' dir='ltr'><em>νόμιμον</em></span> <span class='ocrx_word' id='word_1_38' title='bbox 369 977 462 1042; x_wconf 88' lang='lat' dir='ltr'><strong>aliter</strong></span> <span class='ocrx_word' id='word_1_39' title='bbox 484 985 515 1042; x_wconf 91' lang='lat' dir='ltr'><strong>ot</strong></span> <span class='ocrx_word' id='word_1_40' title='bbox 538 977 583 1043; x_wconf 81' lang='lat' dir='ltr'><strong>ita</strong></span> <span class='ocrx_word' id='word_1_41' title='bbox 608 975 705 1052; x_wconf 85' lang='lat' dir='ltr'><strong>dixit,</strong></span> <span class='ocrx_word' id='word_1_42' title='bbox 737 983 774 1042; x_wconf 89' lang='lat' dir='ltr'><strong>ut</strong></span> <span class='ocrx_word' id='word_1_43' title='bbox 797 977 853 1061; x_wconf 88' lang='lat' dir='ltr'><strong>qni</strong></span> <span class='ocrx_word' id='word_1_44' title='bbox 872 975 951 1041; x_wconf 86' lang='lat' dir='ltr'>nihil</span> <span class='ocrx_word' id='word_1_45' title='bbox 977 975 1061 1041; x_wconf 89' lang='lat' dir='ltr'><strong>inter</strong></span> <span class='ocrx_word' id='word_1_46' title='bbox 1083 984 1203 1042; x_wconf 87' lang='lat' dir='ltr'><strong>rectam</strong></span> <span class='ocrx_word' id='word_1_47' title='bbox 1225 983 1258 1045; x_wconf 78' lang='lat' dir='ltr'><strong>cl</strong></span> 
     </span>
     <span class='ocr_line' id='line_1_7' title="bbox 70 1071 1257 1166; baseline 0.001 -22"><span class='ocrx_word' id='word_1_48' title='bbox 70 1079 251 1163; x_wconf 78' lang='lat' dir='ltr'><strong>legitimam</strong></span> <span class='ocrx_word' id='word_1_49' title='bbox 273 1101 330 1146; x_wconf 83' lang='lat' dir='ltr'><strong>sou</strong></span> <span class='ocrx_word' id='word_1_50' title='bbox 354 1099 414 1166; x_wconf 88' lang='lat' dir='ltr'><strong>per</strong></span> <span class='ocrx_word' id='word_1_51' title='bbox 438 1079 524 1166; x_wconf 80' lang='lat' dir='ltr'><strong>leges</strong></span> <span class='ocrx_word' id='word_1_52' title='bbox 547 1079 746 1146; x_wconf 87' lang='lat' dir='ltr'><strong>informatam</strong></span> <span class='ocrx_word' id='word_1_53' title='bbox 766 1081 948 1165; x_wconf 86' lang='lat' dir='ltr'><strong>opinionem</strong></span> <span class='ocrx_word' id='word_1_54' title='bbox 969 1081 1123 1146; x_wconf 88' lang='lat' dir='ltr'><strong>interesse</strong></span> <span class='ocrx_word' id='word_1_55' title='bbox 1141 1071 1257 1145; x_wconf 81' lang='lat' dir='ltr'><strong>statuo-</strong></span> 
     </span>
     <span class='ocr_line' id='line_1_8' title="bbox 68 1181 1259 1270; baseline 0.001 -21"><span class='ocrx_word' id='word_1_56' title='bbox 68 1192 133 1260; x_wconf 81' lang='lat' dir='ltr'><strong>aet,</strong></span> <span class='ocrx_word' id='word_1_57' title='bbox 165 1203 239 1250; x_wconf 41' lang='lat' dir='ltr'><strong>non*</strong></span> <span class='ocrx_word' id='word_1_58' title='bbox 254 1183 409 1270; x_wconf 84' lang='lat' dir='ltr'><strong>impedire</strong></span> <span class='ocrx_word' id='word_1_59' title='bbox 431 1185 575 1261; x_wconf 88' lang='lat' dir='ltr'><strong>videtur,</strong></span> <span class='ocrx_word' id='word_1_60' title='bbox 610 1203 674 1269; x_wconf 92' lang='lat' dir='ltr'><strong>quo</strong></span> <span class='ocrx_word' id='word_1_61' title='bbox 699 1186 803 1248; x_wconf 85' lang='lat' dir='ltr'><strong>minus</strong></span> <span class='ocrx_word' id='word_1_62' title='bbox 822 1181 1016 1262; x_wconf 80' lang='lat' dir='ltr'><strong>Glauconem</strong></span> <span class='ocrx_word' id='word_1_63' title='bbox 1040 1182 1079 1250; x_wconf 87' lang='lat' dir='ltr'><strong>de</strong></span> <span class='ocrx_word' id='word_1_64' title='bbox 1104 1181 1259 1250; x_wconf 83' lang='lat' dir='ltr'><strong>industria</strong></span> 
     </span>
     <span class='ocr_line' id='line_1_9' title="bbox 72 1285 1257 1374; baseline -0.002 -20"><span class='ocrx_word' id='word_1_65' title='bbox 72 1285 247 1354; x_wconf 86' lang='lat' dir='ltr'><strong>discrimen</strong></span> <span class='ocrx_word' id='word_1_66' title='bbox 279 1289 386 1353; x_wconf 83' lang='lat' dir='ltr'><strong>facere</strong></span> <span class='ocrx_word' id='word_1_67' title='bbox 421 1296 454 1352; x_wconf 89' lang='lat' dir='ltr'><strong>et</strong></span> <span class='ocrx_word' id='word_1_68' title='bbox 489 1287 559 1372; x_wconf 90' lang='lat' dir='ltr'><strong>ipsa</strong></span> <span class='ocrx_word' id='word_1_69' title='bbox 588 1287 641 1352; x_wconf 90' lang='lat' dir='ltr'><strong>iila</strong></span> <span class='ocrx_word' id='word_1_70' title='bbox 673 1289 812 1351; x_wconf 86' lang='lat' dir='ltr'><strong>Socratis</strong></span> <span class='ocrx_word' id='word_1_71' title='bbox 844 1285 945 1352; x_wconf 87' lang='lat' dir='ltr'><strong>verba</strong></span> <span class='ocrx_word' id='word_1_72' title='bbox 976 1285 1019 1352; x_wconf 91' lang='lat' dir='ltr'><strong>ita</strong></span> <span class='ocrx_word' id='word_1_73' title='bbox 1035 1286 1257 1374; x_wconf 78' lang='lat' dir='ltr'><strong>’interpretari</strong></span> 
     </span>
     <span class='ocr_line' id='line_1_10' title="bbox 69 1385 1257 1480; baseline -0.001 -23"><span class='ocrx_word' id='word_1_74' title='bbox 69 1404 240 1477; x_wconf 88' lang='lat' dir='ltr'><strong>putemus,</strong></span> <span class='ocrx_word' id='word_1_75' title='bbox 275 1391 365 1478; x_wconf 88' lang='lat' dir='ltr'><strong>quasi</strong></span> <span class='ocrx_word' id='word_1_76' title='bbox 395 1389 489 1456; x_wconf 74' lang='lat' dir='ltr'><strong>edam</strong></span> <span class='ocrx_word' id='word_1_77' title='bbox 520 1389 575 1455; x_wconf 89' lang='lat' dir='ltr'><strong>ille</strong></span> <span class='ocrx_word' id='word_1_78' title='bbox 609 1385 744 1480; x_wconf 64' lang='lat' dir='ltr'><strong>tpcta‚›</strong></span> <span class='ocrx_word' id='word_1_79' title='bbox 767 1389 861 1455; x_wconf 82' lang='lat' dir='ltr'><strong>aliam</strong></span> <span class='ocrx_word' id='word_1_80' title='bbox 891 1385 1032 1478; x_wconf 81' lang='grc' dir='ltr'><strong><em>νόμιμον</em></strong></span> <span class='ocrx_word' id='word_1_81' title='bbox 1060 1386 1160 1472; x_wconf 78' lang='grc' dir='ltr'><strong><em>δόξαν</em></strong></span> <span class='ocrx_word' id='word_1_82' title='bbox 1188 1408 1257 1456; x_wconf 85' lang='lat' dir='ltr'><strong>esse</strong></span> 
     </span>
     <span class='ocr_line' id='line_1_11' title="bbox 70 1491 1258 1580; baseline 0.002 -22"><span class='ocrx_word' id='word_1_83' title='bbox 70 1491 336 1578; x_wconf 74' lang='lat' dir='ltr'><strong>significaverit.»</strong></span> <span class='ocrx_word' id='word_1_84' title='bbox 381 1497 471 1568; x_wconf 83' lang='lat' dir='ltr'><strong>Nam,</strong></span> <span class='ocrx_word' id='word_1_85' title='bbox 491 1492 522 1558; x_wconf 87' lang='lat' dir='ltr'><strong>si</strong></span> <span class='ocrx_word' id='word_1_86' title='bbox 545 1492 607 1560; x_wconf 83' lang='lat' dir='ltr'><strong>aliu</strong></span> <span class='ocrx_word' id='word_1_87' title='bbox 628 1497 736 1559; x_wconf 90' lang='lat' dir='ltr'><strong>omnia</strong></span> <span class='ocrx_word' id='word_1_88' title='bbox 756 1493 949 1579; x_wconf 65' lang='lat' dir='ltr'><strong>neglexeris</strong></span> <span class='ocrx_word' id='word_1_89' title='bbox 976 1511 1088 1580; x_wconf 88' lang='lat' dir='ltr'><strong>parum</strong></span> <span class='ocrx_word' id='word_1_90' title='bbox 1108 1493 1258 1560; x_wconf 85' lang='lat' dir='ltr'><strong>credibile</strong></span> 
     </span>
     <span class='ocr_line' id='line_1_12' title="bbox 70 1595 1258 1671; baseline 0 -7"><span class='ocrx_word' id='word_1_91' title='bbox 70 1597 176 1664; x_wconf 72' lang='lat' dir='ltr'><strong>videri</strong></span> <span class='ocrx_word' id='word_1_92' title='bbox 197 1595 302 1671; x_wconf 87' lang='lat' dir='ltr'><strong>debet,</strong></span> <span class='ocrx_word' id='word_1_93' title='bbox 327 1595 582 1663; x_wconf 84' lang='lat' dir='ltr'><strong>Glauconcmde</strong></span> <span class='ocrx_word' id='word_1_94' title='bbox 603 1595 759 1662; x_wconf 87' lang='lat' dir='ltr'><strong>industria</strong></span> <span class='ocrx_word' id='word_1_95' title='bbox 782 1605 814 1662; x_wconf 88' lang='lat' dir='ltr'><strong>et</strong></span> <span class='ocrx_word' id='word_1_96' title='bbox 836 1605 945 1663; x_wconf 88' lang='lat' dir='ltr'><strong>contra</strong></span> <span class='ocrx_word' id='word_1_97' title='bbox 968 1595 1258 1668; x_wconf 82' lang='lat' dir='ltr'><strong>mentemsocratis</strong></span> 
     </span>
     <span class='ocr_line' id='line_1_13' title="bbox 71 1699 1259 1786; baseline 0.002 -20"><span class='ocrx_word' id='word_1_98' title='bbox 71 1700 235 1766; x_wconf 87' lang='lat' dir='ltr'><strong>eiusmodi</strong></span> <span class='ocrx_word' id='word_1_99' title='bbox 260 1699 438 1766; x_wconf 76' lang='lat' dir='ltr'><strong>discrimen.</strong></span> <span class='ocrx_word' id='word_1_100' title='bbox 455 1702 570 1766; x_wconf 80' lang='lat' dir='ltr'><strong>iacere.</strong></span> <span class='ocrx_word' id='word_1_101' title='bbox 613 1703 676 1764; x_wconf 63' lang='lat' dir='ltr'><strong>Ita‘</strong></span> <span class='ocrx_word' id='word_1_102' title='bbox 690 1699 847 1766; x_wconf 78' lang='lat' dir='ltr'><strong>convolsis</strong></span> <span class='ocrx_word' id='word_1_103' title='bbox 867 1700 956 1786; x_wconf 85' lang='lat' dir='ltr'><strong>quasi</strong></span> <span class='ocrx_word' id='word_1_104' title='bbox 977 1699 1198 1778; x_wconf 83' lang='lat' dir='ltr'><strong>fundamentis,</strong></span> <span class='ocrx_word' id='word_1_105' title='bbox 1224 1701 1259 1768; x_wconf 86' lang='lat' dir='ltr'><strong>in</strong></span> 
     </span>
     <span class='ocr_line' id='line_1_14' title="bbox 70 1800 1258 1892; baseline 0.003 -24"><span class='ocrx_word' id='word_1_106' title='bbox 70 1804 193 1892; x_wconf 81' lang='lat' dir='ltr'><strong>quibus</strong></span> <span class='ocrx_word' id='word_1_107' title='bbox 219 1800 406 1869; x_wconf 85' lang='lat' dir='ltr'><strong>Schneidcri</strong></span> <span class='ocrx_word' id='word_1_108' title='bbox 426 1804 583 1868; x_wconf 82' lang='lat' dir='ltr'><strong>sententia</strong></span> <span class='ocrx_word' id='word_1_109' title='bbox 605 1803 731 1878; x_wconf 88' lang='lat' dir='ltr'><strong>nititur,</strong></span> <span class='ocrx_word' id='word_1_110' title='bbox 762 1802 932 1868; x_wconf 82' lang='lat' dir='ltr'><strong>concidero</strong></span> <span class='ocrx_word' id='word_1_111' title='bbox 961 1801 1050 1869; x_wconf 84' lang='lat' dir='ltr'><strong>vides</strong></span> <span class='ocrx_word' id='word_1_112' title='bbox 1081 1808 1258 1871; x_wconf 78' lang='lat' dir='ltr'><strong>contortam</strong></span> 
     </span>
     <span class='ocr_line' id='line_1_15' title="bbox 72 1897 1260 1994; baseline 0 -20"><span class='ocrx_word' id='word_1_113' title='bbox 72 1911 144 1975; x_wconf 88' lang='lat' dir='ltr'><strong>cius</strong></span> <span class='ocrx_word' id='word_1_114' title='bbox 172 1907 416 1994; x_wconf 75' lang='lat' dir='ltr'><strong>explicationem</strong></span> <span class='ocrx_word' id='word_1_115' title='bbox 439 1903 587 1974; x_wconf 80' lang='lat' dir='ltr'><strong>vocabuli</strong></span> <span class='ocrx_word' id='word_1_116' title='bbox 609 1899 761 1993; x_wconf 68' lang='lat' dir='ltr'><strong>so&#39;pcpom</strong></span> <span class='ocrx_word' id='word_1_117' title='bbox 784 1897 1059 1991; x_wconf 73' lang='lat' dir='ltr'><strong>qucolanecnem</strong></span> <span class='ocrx_word' id='word_1_118' title='bbox 1073 1903 1260 1988; x_wconf 67' lang='lat' dir='ltr'><strong>eamcosev</strong></span> 
     </span>
     <span class='ocr_line' id='line_1_16' title="bbox 71 2006 1259 2098; baseline 0.003 -22"><span class='ocrx_word' id='word_1_119' title='bbox 71 2018 166 2098; x_wconf 89' lang='lat' dir='ltr'><strong>putat</strong></span> <span class='ocrx_word' id='word_1_120' title='bbox 193 2010 300 2076; x_wconf 87' lang='lat' dir='ltr'><strong>dicere</strong></span> <span class='ocrx_word' id='word_1_121' title='bbox 324 2006 465 2098; x_wconf 77' lang='grc' dir='ltr'><strong><em>νόμιμον</em></strong></span> <span class='ocrx_word' id='word_1_122' title='bbox 490 2029 593 2097; x_wconf 84' lang='lat' dir='ltr'><strong>oquae</strong></span> <span class='ocrx_word' id='word_1_123' title='bbox 624 2007 728 2075; x_wconf 87' lang='lat' dir='ltr'><strong>bonae</strong></span> <span class='ocrx_word' id='word_1_124' title='bbox 754 2009 891 2075; x_wconf 81' lang='lat' dir='ltr'><strong>civitatis</strong></span> <span class='ocrx_word' id='word_1_125' title='bbox 910 2008 1084 2094; x_wconf 86' lang='lat' dir='ltr'><strong>legibus-ct</strong></span> <span class='ocrx_word' id='word_1_126' title='bbox 1107 2011 1259 2080; x_wconf 86' lang='lat' dir='ltr'><strong>constitu·</strong></span> 
     </span>
    </p>
   </div>
   <div class='ocr_carea' id='block_1_3' title="bbox 71 2111 1354 2200">
    <p class='ocr_par' dir='ltr' id='par_1_3' title="bbox 71 2111 1354 2200">
     <span class='ocr_line' id='line_1_17' title="bbox 71 2111 1354 2200; baseline 0.002 -20"><span class='ocrx_word' id='word_1_127' title='bbox 71 2113 157 2180; x_wconf 89' lang='lat' dir='ltr'><strong>tioni</strong></span> <span class='ocrx_word' id='word_1_128' title='bbox 172 2113 409 2180; x_wconf 87' lang='lat' dir='ltr'><strong>accommodata</strong></span> <span class='ocrx_word' id='word_1_129' title='bbox 429 2111 558 2200; x_wconf 83' lang='lat' dir='ltr'><strong>publice</strong></span> <span class='ocrx_word' id='word_1_130' title='bbox 582 2112 682 2197; x_wconf 84' lang='lat' dir='ltr'><strong>recipi</strong></span> <span class='ocrx_word' id='word_1_131' title='bbox 698 2120 853 2184; x_wconf 72' lang='lat' dir='ltr'><strong>mereat-a</strong></span> <span class='ocrx_word' id='word_1_132' title='bbox 899 2115 947 2178; x_wconf 81' lang='lat' dir='ltr'><strong>ita</strong></span> <span class='ocrx_word' id='word_1_133' title='bbox 971 2113 1102 2180; x_wconf 87' lang='lat' dir='ltr'><strong>remotis</strong></span> <span class='ocrx_word' id='word_1_134' title='bbox 1127 2113 1260 2183; x_wconf 81' lang='lat' dir='ltr'><strong>difficul-</strong></span> <span class='ocrx_word' id='word_1_135' title='bbox 1351 2131 1354 2139; x_wconf 58' lang='lat'><strong>⁴</strong></span> 
     </span>
    </p>
   </div>
   <div class='ocr_carea' id='block_1_4' title="bbox 71 2213 1352 4386">
    <p class='ocr_par' dir='ltr' id='par_1_4' title="bbox 71 2213 1352 4386">
     <span class='ocr_line' id='line_1_18' title="bbox 71 2213 1257 2304; baseline 0 -20"><span class='ocrx_word' id='word_1_136' title='bbox 71 2219 194 2284; x_wconf 82' lang='lat' dir='ltr'><strong>tatibus</strong></span> <span class='ocrx_word' id='word_1_137' title='bbox 219 2237 357 2302; x_wconf 81' lang='lat' dir='ltr'><strong>pergere</strong></span> <span class='ocrx_word' id='word_1_138' title='bbox 375 2231 558 2304; x_wconf 85' lang='lat' dir='ltr'><strong>possumus.</strong></span> <span class='ocrx_word' id='word_1_139' title='bbox 602 2216 764 2293; x_wconf 80' lang='lat' dir='ltr'><strong>Quorsum</strong></span> <span class='ocrx_word' id='word_1_140' title='bbox 778 2237 864 2284; x_wconf 50' lang='lat' dir='ltr'><strong>¹vcro</strong></span> <span class='ocrx_word' id='word_1_141' title='bbox 882 2219 1044 2302; x_wconf 86' lang='lat' dir='ltr'><strong>pertinere</strong></span> <span class='ocrx_word' id='word_1_142' title='bbox 1065 2213 1257 2303; x_wconf 85' lang='lat' dir='ltr'><strong>putabimus,</strong></span> 
     </span>
     <span class='ocr_line' id='line_1_19' title="bbox 72 2309 1260 2409; baseline 0.002 -23"><span class='ocrx_word' id='word_1_143' title='bbox 72 2319 163 2409; x_wconf 90' lang='lat' dir='ltr'><strong>quod</strong></span> <span class='ocrx_word' id='word_1_144' title='bbox 204 2324 284 2386; x_wconf 86' lang='lat' dir='ltr'><strong>haec</strong></span> <span class='ocrx_word' id='word_1_145' title='bbox 321 2317 514 2386; x_wconf 78' lang='lat' dir='ltr'><strong>fortitudinis</strong></span> <span class='ocrx_word' id='word_1_146' title='bbox 549 2317 707 2386; x_wconf 77' lang='lat' dir='ltr'><strong>delinitio</strong></span> <span class='ocrx_word' id='word_1_147' title='bbox 726 2317 792 2386; x_wconf 85' lang='lat' dir='ltr'><strong>non</strong></span> <span class='ocrx_word' id='word_1_148' title='bbox 826 2309 1005 2388; x_wconf 69' lang='lat' dir='ltr'><strong>universim</strong></span> <span class='ocrx_word' id='word_1_149' title='bbox 1040 2319 1260 2388; x_wconf 82' lang='lat' dir='ltr'><strong>tortitudinem</strong></span> 
     </span>
     <span class='ocr_line' id='line_1_20' title="bbox 72 2419 1258 2512; baseline 0.001 -21"><span class='ocrx_word' id='word_1_150' title='bbox 72 2423 326 2511; x_wconf 82' lang='lat' dir='ltr'><strong>comprehcndit,</strong></span> <span class='ocrx_word' id='word_1_151' title='bbox 349 2423 404 2490; x_wconf 84' lang='lat' dir='ltr'><strong>scd</strong></span> <span class='ocrx_word' id='word_1_152' title='bbox 419 2423 578 2510; x_wconf 77' lang='lat' dir='ltr'><strong>politicam</strong></span> <span class='ocrx_word' id='word_1_153' title='bbox 598 2429 744 2488; x_wconf 84' lang='lat' dir='ltr'><strong>tantuml</strong></span> <span class='ocrx_word' id='word_1_154' title='bbox 781 2419 1011 2512; x_wconf 78' lang='grc' dir='ltr'><em>Ἀποδέχομαι</em></span> <span class='ocrx_word' id='word_1_155' title='bbox 1033 2423 1145 2491; x_wconf 70' lang='lat' dir='ltr'><strong>&#39;coium</strong></span> <span class='ocrx_word' id='word_1_156' title='bbox 1160 2426 1258 2492; x_wconf 80' lang='grc' dir='ltr'><em>τοῦτο</em></span> 
     </span>
     <span class='ocr_line' id='line_1_21' title="bbox 72 2513 1260 2619; baseline -0.001 -22"><span class='ocrx_word' id='word_1_157' title='bbox 72 2525 232 2619; x_wconf 74' lang='grc' dir='ltr'><strong><em>ἆνὸρείαν</em></strong></span> <span class='ocrx_word' id='word_1_158' title='bbox 260 2518 355 2595; x_wconf 76' lang='grc' dir='ltr'><strong><em>εἶναι.</em></strong></span> <span class='ocrx_word' id='word_1_159' title='bbox 398 2523 555 2614; x_wconf 71' lang='lat' dir='ltr'><strong>Kolyoip</strong></span> <span class='ocrx_word' id='word_1_160' title='bbox 577 2521 757 2614; x_wconf 77' lang='grc' dir='ltr'><em>ἀποδέχου,</em></span> <span class='ocrx_word' id='word_1_161' title='bbox 791 2513 833 2608; x_wconf 76' lang='grc' dir='ltr'><strong>ἦν</strong></span> <span class='ocrx_word' id='word_1_162' title='bbox 860 2522 892 2593; x_wconf 81' lang='lat' dir='ltr'><strong>d&#39;</strong></span> <span class='ocrx_word' id='word_1_163' title='bbox 925 2523 1002 2613; x_wconf 72' lang='grc' dir='ltr'><strong>ἐγὼ,</strong></span> <span class='ocrx_word' id='word_1_164' title='bbox 1035 2523 1260 2610; x_wconf 79' lang='grc' dir='ltr'><strong><em>πολιτικήν</em></strong></span> 
     </span>
     <span class='ocr_line' id='line_1_22' title="bbox 73 2616 1260 2726; baseline 0 -26"><span class='ocrx_word' id='word_1_165' title='bbox 73 2657 134 2720; x_wconf 75' lang='grc' dir='ltr'><strong>γε,</strong></span> <span class='ocrx_word' id='word_1_166' title='bbox 165 2635 224 2698; x_wconf 75' lang='grc' dir='ltr'><strong>καὶ</strong></span> <span class='ocrx_word' id='word_1_167' title='bbox 242 2626 364 2721; x_wconf 72' lang='grc' dir='ltr'><em>ὀρθῶς</em></span> <span class='ocrx_word' id='word_1_168' title='bbox 386 2625 538 2724; x_wconf 68' lang='grc' dir='ltr'><strong>ἀποδέξῃ.</strong></span> <span class='ocrx_word' id='word_1_169' title='bbox 561 2616 669 2709; x_wconf 66' lang='grc' dir='ltr'><strong><em>αὖθις</em></strong></span> <span class='ocrx_word' id='word_1_170' title='bbox 691 2633 727 2696; x_wconf 77' lang='grc' dir='ltr'><strong>δὲ</strong></span> <span class='ocrx_word' id='word_1_171' title='bbox 748 2633 821 2722; x_wconf 78' lang='grc' dir='ltr'><strong><em>περὶ</em></strong></span> <span class='ocrx_word' id='word_1_172' title='bbox 843 2625 959 2706; x_wconf 77' lang='grc' dir='ltr'><em>αὐτοῦ,</em></span> <span class='ocrx_word' id='word_1_173' title='bbox 983 2627 1039 2696; x_wconf 80' lang='grc' dir='ltr'><strong>ἐὰν</strong></span> <span class='ocrx_word' id='word_1_174' title='bbox 1060 2626 1182 2726; x_wconf 74' lang='grc' dir='ltr'><em>βούλῃ,</em></span> <span class='ocrx_word' id='word_1_175' title='bbox 1211 2633 1260 2700; x_wconf 73' lang='grc' dir='ltr'><strong>ἔτι</strong></span> 
     </span>
     <span class='ocr_line' id='line_1_23' title="bbox 73 2729 1259 2822; baseline 0 -18"><span class='ocrx_word' id='word_1_176' title='bbox 73 2729 214 2804; x_wconf 67' lang='grc' dir='ltr'><em>κάλλιον</em></span> <span class='ocrx_word' id='word_1_177' title='bbox 237 2737 356 2820; x_wconf 78' lang='grc' dir='ltr'><em>δίιμεν·</em></span> <span class='ocrx_word' id='word_1_178' title='bbox 381 2735 440 2801; x_wconf 76' lang='grc' dir='ltr'><strong>νῦν</strong></span> <span class='ocrx_word' id='word_1_179' title='bbox 460 2730 525 2822; x_wconf 71' lang='grc' dir='ltr'><strong>γὰρ</strong></span> <span class='ocrx_word' id='word_1_180' title='bbox 548 2729 586 2800; x_wconf 81' lang='grc' dir='ltr'><strong>οὐ</strong></span> <span class='ocrx_word' id='word_1_181' title='bbox 609 2735 708 2801; x_wconf 78' lang='grc' dir='ltr'><em>τοῦτο</em></span> <span class='ocrx_word' id='word_1_182' title='bbox 731 2735 913 2820; x_wconf 79' lang='grc' dir='ltr'><strong><em>ἐζητοῦμεν,</em></strong></span> <span class='ocrx_word' id='word_1_183' title='bbox 935 2729 1023 2800; x_wconf 76' lang='grc' dir='ltr'><em>ἀλλὰ</em></span> <span class='ocrx_word' id='word_1_184' title='bbox 1038 2731 1259 2818; x_wconf 69' lang='grc' dir='ltr'><em>δικαιοσύνην·</em></span> 
     </span>
     <span class='ocr_line' id='line_1_24' title="bbox 73 2823 1261 2929; baseline 0.002 -23"><span class='ocrx_word' id='word_1_185' title='bbox 73 2837 158 2928; x_wconf 81' lang='grc' dir='ltr'><strong><em>πρὸς</em></strong></span> <span class='ocrx_word' id='word_1_186' title='bbox 182 2825 244 2906; x_wconf 77' lang='grc' dir='ltr'><strong>οὖν</strong></span> <span class='ocrx_word' id='word_1_187' title='bbox 263 2833 324 2919; x_wconf 77' lang='grc' dir='ltr'><strong>τὴν</strong></span> <span class='ocrx_word' id='word_1_188' title='bbox 345 2837 467 2904; x_wconf 78' lang='grc' dir='ltr'><strong><em>ἐκείνου</em></strong></span> <span class='ocrx_word' id='word_1_189' title='bbox 488 2831 640 2918; x_wconf 79' lang='grc' dir='ltr'><em>ζήτησιν,</em></span> <span class='ocrx_word' id='word_1_190' title='bbox 669 2831 711 2915; x_wconf 83' lang='grc' dir='ltr'><strong>ὡς</strong></span> <span class='ocrx_word' id='word_1_191' title='bbox 733 2823 874 2929; x_wconf 73' lang='grc' dir='ltr'><strong><em>ἐγῷμαι,</em></strong></span> <span class='ocrx_word' id='word_1_192' title='bbox 897 2839 1014 2916; x_wconf 79' lang='grc' dir='ltr'><strong><em>ἱκανῶς</em></strong></span> <span class='ocrx_word' id='word_1_193' title='bbox 1036 2838 1109 2927; x_wconf 76' lang='grc' dir='ltr'><em>ἔχει.</em></span> <span class='ocrx_word' id='word_1_194' title='bbox 1154 2833 1261 2908; x_wconf 75' lang='grc' dir='ltr'><strong>Ἀλλὰ</strong></span> 
     </span>
     <span class='ocr_line' id='line_1_25' title="bbox 74 2928 1260 3034; baseline 0.002 -25"><span class='ocrx_word' id='word_1_195' title='bbox 74 2943 199 3026; x_wconf 56' lang='lat' dir='ltr'><strong>salcis,</strong></span> <span class='ocrx_word' id='word_1_196' title='bbox 224 2941 306 3034; x_wconf 78' lang='grc' dir='ltr'><strong><em>ἔφη,</em></strong></span> <span class='ocrx_word' id='word_1_197' title='bbox 330 2943 442 3025; x_wconf 77' lang='grc' dir='ltr'><strong><em>λέγεις.</em></strong></span> <span class='ocrx_word' id='word_1_198' title='bbox 487 2928 535 3005; x_wconf 81' lang='lat' dir='ltr'><strong>Cf.</strong></span> <span class='ocrx_word' id='word_1_199' title='bbox 557 2961 590 3027; x_wconf 90' lang='lat' dir='ltr'><strong>p.</strong></span> <span class='ocrx_word' id='word_1_200' title='bbox 615 2941 696 3017; x_wconf 73' lang='lat' dir='ltr'><strong>ido,</strong></span> <span class='ocrx_word' id='word_1_201' title='bbox 721 2941 756 3004; x_wconf 83' lang='lat' dir='ltr'><strong>C.</strong></span> <span class='ocrx_word' id='word_1_202' title='bbox 803 2940 926 3018; x_wconf 85' lang='lat' dir='ltr'><strong>Quibus</strong></span> <span class='ocrx_word' id='word_1_203' title='bbox 947 2937 1052 3008; x_wconf 86' lang='lat' dir='ltr'><strong>verbis</strong></span> <span class='ocrx_word' id='word_1_204' title='bbox 1074 2943 1162 3010; x_wconf 91' lang='lat' dir='ltr'><strong>Plato</strong></span> <span class='ocrx_word' id='word_1_205' title='bbox 1187 2963 1260 3011; x_wconf 87' lang='lat' dir='ltr'><strong>omn</strong></span> 
     </span>
     <span class='ocr_line' id='line_1_26' title="bbox 75 3041 1260 3129; baseline 0.001 -17"><span class='ocrx_word' id='word_1_206' title='bbox 75 3049 118 3112; x_wconf 88' lang='lat' dir='ltr'><strong>id·</strong></span> <span class='ocrx_word' id='word_1_207' title='bbox 135 3045 281 3112; x_wconf 78' lang='lat' dir='ltr'><strong>indicano</strong></span> <span class='ocrx_word' id='word_1_208' title='bbox 299 3043 409 3119; x_wconf 85' lang='lat' dir='ltr'><strong>voluit,</strong></span> <span class='ocrx_word' id='word_1_209' title='bbox 436 3043 610 3129; x_wconf 84' lang='lat' dir='ltr'><strong>quodiam</strong></span> <span class='ocrx_word' id='word_1_210' title='bbox 632 3041 889 3128; x_wconf 80' lang='lat' dir='ltr'><strong>significavimns;</strong></span> <span class='ocrx_word' id='word_1_211' title='bbox 916 3064 981 3110; x_wconf 92' lang='lat' dir='ltr'><strong>non</strong></span> <span class='ocrx_word' id='word_1_212' title='bbox 1004 3044 1183 3114; x_wconf 80' lang='lat' dir='ltr'><strong>nniversam</strong></span> <span class='ocrx_word' id='word_1_213' title='bbox 1207 3045 1260 3113; x_wconf 81' lang='lat' dir='ltr'><strong>iric</strong></span> 
     </span>
     <span class='ocr_line' id='line_1_27' title="bbox 78 3146 1260 3238; baseline 0.001 -23"><span class='ocrx_word' id='word_1_214' title='bbox 78 3149 268 3234; x_wconf 82' lang='lat' dir='ltr'><strong>explicatam</strong></span> <span class='ocrx_word' id='word_1_215' title='bbox 294 3168 368 3214; x_wconf 83' lang='lat' dir='ltr'><strong>esec</strong></span> <span class='ocrx_word' id='word_1_216' title='bbox 392 3146 623 3224; x_wconf 81' lang='lat' dir='ltr'><strong>fortitudinem,</strong></span> <span class='ocrx_word' id='word_1_217' title='bbox 654 3157 720 3213; x_wconf 90' lang='lat' dir='ltr'><strong>tum</strong></span> <span class='ocrx_word' id='word_1_218' title='bbox 739 3147 817 3212; x_wconf 90' lang='lat' dir='ltr'><strong>illud</strong></span> <span class='ocrx_word' id='word_1_219' title='bbox 844 3147 948 3224; x_wconf 84' lang='lat' dir='ltr'><strong>ctiam,</strong></span> <span class='ocrx_word' id='word_1_220' title='bbox 975 3169 1009 3212; x_wconf 90' lang='lat' dir='ltr'><strong>se</strong></span> <span class='ocrx_word' id='word_1_221' title='bbox 1031 3157 1151 3234; x_wconf 86' lang='lat' dir='ltr'><strong>postea,</strong></span> <span class='ocrx_word' id='word_1_222' title='bbox 1174 3154 1260 3238; x_wconf 89' lang='lat' dir='ltr'><strong>qnod</strong></span> 
     </span>
     <span class='ocr_line' id='line_1_28' title="bbox 78 3250 1261 3340; baseline 0.003 -22"><span class='ocrx_word' id='word_1_223' title='bbox 78 3255 197 3318; x_wconf 86' lang='lat' dir='ltr'><strong>iactum</strong></span> <span class='ocrx_word' id='word_1_224' title='bbox 224 3259 276 3317; x_wconf 89' lang='lat' dir='ltr'><strong>est</strong></span> <span class='ocrx_word' id='word_1_225' title='bbox 299 3251 412 3318; x_wconf 90' lang='lat' dir='ltr'><strong>eodem</strong></span> <span class='ocrx_word' id='word_1_226' title='bbox 437 3253 499 3316; x_wconf 78' lang='lat' dir='ltr'><strong>ho&#39;c</strong></span> <span class='ocrx_word' id='word_1_227' title='bbox 524 3250 618 3325; x_wconf 90' lang='lat' dir='ltr'><strong>libro,</strong></span> <span class='ocrx_word' id='word_1_228' title='bbox 650 3255 784 3318; x_wconf 88' lang='lat' dir='ltr'><strong>eandem</strong></span> <span class='ocrx_word' id='word_1_229' title='bbox 808 3271 876 3316; x_wconf 85' lang='lat' dir='ltr'><strong>rem</strong></span> <span class='ocrx_word' id='word_1_230' title='bbox 897 3251 1073 3318; x_wconf 77' lang='lat' dir='ltr'><strong>accuratius</strong></span> <span class='ocrx_word' id='word_1_231' title='bbox 1099 3261 1194 3340; x_wconf 80' lang='lat' dir='ltr'><strong>atque</strong></span> <span class='ocrx_word' id='word_1_232' title='bbox 1218 3259 1261 3323; x_wconf 89' lang='lat' dir='ltr'><strong>ita</strong></span> 
     </span>
     <span class='ocr_line' id='line_1_29' title="bbox 76 3349 1261 3430; baseline 0.001 -7"><span class='ocrx_word' id='word_1_233' title='bbox 76 3363 321 3423; x_wconf 79' lang='lat' dir='ltr'><strong>retractatorum</strong></span> <span class='ocrx_word' id='word_1_234' title='bbox 349 3375 434 3430; x_wconf 86' lang='lat' dir='ltr'><strong>esse,</strong></span> <span class='ocrx_word' id='word_1_235' title='bbox 469 3364 505 3421; x_wconf 91' lang='lat' dir='ltr'><strong>nt</strong></span> <span class='ocrx_word' id='word_1_236' title='bbox 535 3375 664 3420; x_wconf 89' lang='lat' dir='ltr'><strong>omnem</strong></span> <span class='ocrx_word' id='word_1_237' title='bbox 684 3349 877 3420; x_wconf 81' lang='lat' dir='ltr'><strong>fortitudinis</strong></span> <span class='ocrx_word' id='word_1_238' title='bbox 901 3353 967 3422; x_wconf 86' lang='lat' dir='ltr'><strong>vim</strong></span> <span class='ocrx_word' id='word_1_239' title='bbox 994 3364 1025 3421; x_wconf 90' lang='lat' dir='ltr'><strong>ct</strong></span> <span class='ocrx_word' id='word_1_240' title='bbox 1054 3365 1198 3424; x_wconf 87' lang='lat' dir='ltr'><strong>naturam</strong></span> <span class='ocrx_word' id='word_1_241' title='bbox 1220 3379 1261 3424; x_wconf 84' lang='lat' dir='ltr'><strong>cx</strong></span> 
     </span>
     <span class='ocr_line' id='line_1_30' title="bbox 76 3455 1260 3543; baseline 0.003 -18"><span class='ocrx_word' id='word_1_242' title='bbox 76 3459 164 3526; x_wconf 82' lang='lat' dir='ltr'><strong>sonte</strong></span> <span class='ocrx_word' id='word_1_243' title='bbox 180 3480 248 3524; x_wconf 86' lang='lat' dir='ltr'><strong>sno</strong></span> <span class='ocrx_word' id='word_1_244' title='bbox 273 3457 446 3524; x_wconf 79' lang='lat' dir='ltr'><strong>derivaret.</strong></span> <span class='ocrx_word' id='word_1_245' title='bbox 492 3461 593 3536; x_wconf 84' lang='lat' dir='ltr'><strong>Quam</strong></span> <span class='ocrx_word' id='word_1_246' title='bbox 611 3467 714 3524; x_wconf 89' lang='lat' dir='ltr'><strong>autem</strong></span> <span class='ocrx_word' id='word_1_247' title='bbox 733 3457 785 3523; x_wconf 93' lang='lat' dir='ltr'><strong>hic</strong></span> <span class='ocrx_word' id='word_1_248' title='bbox 797 3455 1004 3543; x_wconf 81' lang='lat' dir='ltr'><strong>festinationis</strong></span> <span class='ocrx_word' id='word_1_249' title='bbox 1015 3479 1140 3527; x_wconf 83' lang='lat' dir='ltr'><strong>causam</strong></span> <span class='ocrx_word' id='word_1_250' title='bbox 1159 3461 1260 3540; x_wconf 81' lang='lat' dir='ltr'><strong>affert,</strong></span> 
     </span>
     <span class='ocr_line' id='line_1_31' title="bbox 76 3561 1262 3649; baseline 0.003 -20"><span class='ocrx_word' id='word_1_251' title='bbox 76 3584 114 3629; x_wconf 88' lang='lat' dir='ltr'><strong>ea</strong></span> <span class='ocrx_word' id='word_1_252' title='bbox 140 3567 429 3648; x_wconf 85' lang='lat' dir='ltr'><strong>speciosatantnm</strong></span> <span class='ocrx_word' id='word_1_253' title='bbox 456 3571 513 3636; x_wconf 89' lang='lat' dir='ltr'><strong>est,</strong></span> <span class='ocrx_word' id='word_1_254' title='bbox 540 3581 643 3648; x_wconf 88' lang='lat' dir='ltr'><strong>quum</strong></span> <span class='ocrx_word' id='word_1_255' title='bbox 658 3561 827 3639; x_wconf 86' lang='lat' dir='ltr'><strong>iustitiam,</strong></span> <span class='ocrx_word' id='word_1_256' title='bbox 859 3583 944 3646; x_wconf 84' lang='lat' dir='ltr'><strong>quac</strong></span> <span class='ocrx_word' id='word_1_257' title='bbox 969 3563 1262 3649; x_wconf 77' lang='lat' dir='ltr'><strong>complectitnrrc·</strong></span> 
     </span>
     <span class='ocr_line' id='line_1_32' title="bbox 75 3663 1264 3754; baseline 0.003 -22"><span class='ocrx_word' id='word_1_258' title='bbox 75 3666 180 3754; x_wconf 88' lang='lat' dir='ltr'><strong>liqnas</strong></span> <span class='ocrx_word' id='word_1_259' title='bbox 211 3665 363 3741; x_wconf 76' lang='lat' dir='ltr'><strong>uirtutes,</strong></span> <span class='ocrx_word' id='word_1_260' title='bbox 398 3663 529 3750; x_wconf 79' lang='lat' dir='ltr'><strong>singulis</strong></span> <span class='ocrx_word' id='word_1_261' title='bbox 555 3663 723 3732; x_wconf 82' lang='lat' dir='ltr'><strong>virtutibus</strong></span> <span class='ocrx_word' id='word_1_262' title='bbox 748 3685 814 3731; x_wconf 86' lang='lat' dir='ltr'><strong>non</strong></span> <span class='ocrx_word' id='word_1_263' title='bbox 837 3674 982 3731; x_wconf 88' lang='lat' dir='ltr'><strong>accurate</strong></span> <span class='ocrx_word' id='word_1_264' title='bbox 1002 3667 1181 3751; x_wconf 73' lang='lat' dir='ltr'><strong>explicatis,</strong></span> <span class='ocrx_word' id='word_1_265' title='bbox 1214 3672 1264 3736; x_wconf 85' lang='lat' dir='ltr'><strong>in-</strong></span> 
     </span>
     <span class='ocr_line' id='line_1_33' title="bbox 77 3767 1261 3853; baseline 0.003 -16"><span class='ocrx_word' id='word_1_266' title='bbox 77 3771 191 3838; x_wconf 82' lang='lat' dir='ltr'><strong>venire</strong></span> <span class='ocrx_word' id='word_1_267' title='bbox 215 3789 279 3834; x_wconf 95' lang='lat' dir='ltr'><strong>non</strong></span> <span class='ocrx_word' id='word_1_268' title='bbox 303 3767 406 3834; x_wconf 84' lang='lat' dir='ltr'><strong>liceat.</strong></span> <span class='ocrx_word' id='word_1_269' title='bbox 459 3769 605 3835; x_wconf 85' lang='lat' dir='ltr'><strong>Potestne</strong></span> <span class='ocrx_word' id='word_1_270' title='bbox 637 3768 734 3853; x_wconf 78' lang='lat' dir='ltr'><strong>igitur</strong></span> <span class='ocrx_word' id='word_1_271' title='bbox 767 3768 881 3834; x_wconf 91' lang='lat' dir='ltr'><strong>certius</strong></span> <span class='ocrx_word' id='word_1_272' title='bbox 917 3779 1138 3853; x_wconf 73' lang='lat' dir='ltr'><strong>argumentum</strong></span> <span class='ocrx_word' id='word_1_273' title='bbox 1173 3772 1261 3851; x_wconf 86' lang='lat' dir='ltr'><strong>dari,</strong></span> 
     </span>
     <span class='ocr_line' id='line_1_34' title="bbox 76 3869 1330 3958; baseline 0.003 -18"><span class='ocrx_word' id='word_1_274' title='bbox 76 3893 154 3940; x_wconf 85' lang='lat' dir='ltr'><strong>vere</strong></span> <span class='ocrx_word' id='word_1_275' title='bbox 178 3891 247 3937; x_wconf 92' lang='lat' dir='ltr'><strong>non</strong></span> <span class='ocrx_word' id='word_1_276' title='bbox 269 3891 425 3958; x_wconf 78' lang='lat' dir='ltr'><strong>quaerere</strong></span> <span class='ocrx_word' id='word_1_277' title='bbox 447 3871 608 3938; x_wconf 88' lang='lat' dir='ltr'><strong>Platonem</strong></span> <span class='ocrx_word' id='word_1_278' title='bbox 638 3871 772 3938; x_wconf 71' lang='lat' dir='ltr'><strong>&#39;virtutes</strong></span> <span class='ocrx_word' id='word_1_279' title='bbox 797 3873 831 3938; x_wconf 89' lang='lat' dir='ltr'><strong>in</strong></span> <span class='ocrx_word' id='word_1_280' title='bbox 858 3872 1017 3938; x_wconf 59' lang='lat' dir='ltr'><strong>civitate‘l*</strong></span> <span class='ocrx_word' id='word_1_281' title='bbox 1048 3875 1132 3952; x_wconf 85' lang='lat' dir='ltr'><strong>Quid</strong></span> <span class='ocrx_word' id='word_1_282' title='bbox 1159 3885 1264 3944; x_wconf 85' lang='lat' dir='ltr'><strong>autom</strong></span> <span class='ocrx_word' id='word_1_283' title='bbox 1329 3869 1330 3872; x_wconf 27' lang='lat'>¹</span> 
     </span>
     <span class='ocr_line' id='line_1_35' title="bbox 76 3973 1264 4068; baseline 0.001 -22"><span class='ocrx_word' id='word_1_284' title='bbox 76 3974 249 4063; x_wconf 78' lang='lat' dir='ltr'><strong>virtutibus</strong></span> <span class='ocrx_word' id='word_1_285' title='bbox 288 3975 321 4040; x_wconf 89' lang='lat' dir='ltr'><strong>in</strong></span> <span class='ocrx_word' id='word_1_286' title='bbox 353 3975 478 4042; x_wconf 88' lang='lat' dir='ltr'><strong>civitate</strong></span> <span class='ocrx_word' id='word_1_287' title='bbox 519 3973 707 4062; x_wconf 84' lang='lat' dir='ltr'><strong>quaerendis</strong></span> <span class='ocrx_word' id='word_1_288' title='bbox 748 3979 874 4068; x_wconf 82' lang='lat' dir='ltr'><strong>assequi</strong></span> <span class='ocrx_word' id='word_1_289' title='bbox 907 3975 1033 4043; x_wconf 73' lang='lat' dir='ltr'><strong>voluit?</strong></span> <span class='ocrx_word' id='word_1_290' title='bbox 1067 3981 1264 4047; x_wconf 75' lang='lat' dir='ltr'><strong>ostendere</strong></span> 
     </span>
     <span class='ocr_line' id='line_1_36' title="bbox 76 4077 1264 4170; baseline 0 -21"><span class='ocrx_word' id='word_1_291' title='bbox 76 4079 224 4157; x_wconf 83' lang='lat' dir='ltr'><strong>volebat,</strong></span> <span class='ocrx_word' id='word_1_292' title='bbox 248 4079 282 4144; x_wconf 91' lang='lat' dir='ltr'><strong>ni</strong></span> <span class='ocrx_word' id='word_1_293' title='bbox 300 4077 410 4156; x_wconf 85' lang='lat' dir='ltr'><strong>fallor,</strong></span> <span class='ocrx_word' id='word_1_294' title='bbox 437 4078 561 4164; x_wconf 82' lang='lat' dir='ltr'><strong>singula</strong></span> <span class='ocrx_word' id='word_1_295' title='bbox 581 4079 723 4144; x_wconf 87' lang='lat' dir='ltr'><strong>instituta</strong></span> <span class='ocrx_word' id='word_1_296' title='bbox 747 4080 881 4151; x_wconf 78' lang='lat' dir='ltr'><strong>civitatis</strong></span> <span class='ocrx_word' id='word_1_297' title='bbox 904 4101 945 4144; x_wconf 81' lang='lat' dir='ltr'><strong>eu</strong></span> <span class='ocrx_word' id='word_1_298' title='bbox 968 4080 1099 4167; x_wconf 77' lang='lat' dir='ltr'><strong>singulis</strong></span> <span class='ocrx_word' id='word_1_299' title='bbox 1121 4083 1264 4170; x_wconf 84' lang='lat' dir='ltr'><strong>partibus</strong></span> 
     </span>
     <span class='ocr_line' id='line_1_37' title="bbox 75 4181 1352 4270; baseline 0 -18"><span class='ocrx_word' id='word_1_300' title='bbox 75 4183 215 4260; x_wconf 69' lang='lat' dir='ltr'><strong>montis,</strong></span> <span class='ocrx_word' id='word_1_301' title='bbox 237 4189 522 4268; x_wconf 84' lang='lat' dir='ltr'><strong>tanquamcxcre</strong></span> <span class='ocrx_word' id='word_1_302' title='bbox 539 4181 837 4268; x_wconf 76' lang='lat' dir='ltr'><strong>aliquoimaginem</strong></span> <span class='ocrx_word' id='word_1_303' title='bbox 860 4202 1026 4270; x_wconf 84' lang='lat' dir='ltr'><strong>expressas</strong></span> <span class='ocrx_word' id='word_1_304' title='bbox 1039 4203 1126 4254; x_wconf 85' lang='lat' dir='ltr'><strong>esse.</strong></span> <span class='ocrx_word' id='word_1_305' title='bbox 1169 4185 1265 4254; x_wconf 81' lang='lat' dir='ltr'><strong>Adiu-</strong></span> <span class='ocrx_word' id='word_1_306' title='bbox 1350 4205 1352 4210; x_wconf 72' lang='grc'>’</span> 
     </span>
     <span class='ocr_line' id='line_1_38' title="bbox 78 4283 1263 4386; baseline 0.003 -29"><span class='ocrx_word' id='word_1_307' title='bbox 78 4299 132 4358; x_wconf 80' lang='lat' dir='ltr'><strong>vat</strong></span> <span class='ocrx_word' id='word_1_308' title='bbox 146 4287 337 4376; x_wconf 84' lang='lat' dir='ltr'><strong>senteutiam</strong></span> <span class='ocrx_word' id='word_1_309' title='bbox 349 4287 487 4354; x_wconf 74' lang='lat' dir='ltr'><strong>cosmam</strong></span> <span class='ocrx_word' id='word_1_310' title='bbox 504 4283 812 4356; x_wconf 80' lang='lat' dir='ltr'><strong>Scbloiermaclrarus</strong></span> <span class='ocrx_word' id='word_1_311' title='bbox 830 4285 887 4374; x_wconf 81' lang='lat' dir='ltr'><strong>qni</strong></span> <span class='ocrx_word' id='word_1_312' title='bbox 903 4309 934 4377; x_wconf 87' lang='lat' dir='ltr'><strong>p.</strong></span> <span class='ocrx_word' id='word_1_313' title='bbox 950 4293 1003 4356; x_wconf 69' lang='grc'><strong>11.</strong></span> <span class='ocrx_word' id='word_1_314' title='bbox 1019 4285 1263 4386; x_wconf 29' lang='lat' dir='ltr'><strong>‘inuadumouir</strong></span> 
     </span>
    </p>
   </div>
   <div class='ocr_carea' id='block_1_5' title="bbox 0 0 1667 5238">
    <p class='ocr_par' dir='ltr' id='par_1_5' title="bbox 0 0 1667 5238">
     <span class='ocr_line' id='line_1_39' title="bbox 0 0 1667 5238; baseline 0 0"><span class='ocrx_word' id='word_1_315' title='bbox 0 0 1667 5238; x_wconf 95' lang='lat' dir='ltr'><strong> </strong></span> 
     </span>
    </p>
   </div>
  </div>
 </body>
</html>
