3312 5238
571 401 801 472 milliar.

92 568 149 635 καὶ
180 561 213 631 τί
228 558 399 646 Ὶἀλλήλοιν
427 565 640 656 διαφέρετον,
659 567 729 632 -xoi
745 557 897 655 Ιπότερον
924 565 978 654 dei
999 562 1190 647 κεκτῆσθαι
1218 557 1277 632 τὸν

90 669 257 754 μέλλοντα
285 661 462 756 εὐδαίμονα
490 659 592 748 εἶναι,
622 661 679 734 ἐάν
706 692 740 735 τε
768 663 926 760 λανθάνῃ
948 661 1006 734 ἐάν
1026 692 1059 734 τε
1080 663 1126 754 μὴ
1148 661 1276 747 πάντας

91 765 200 849 θεούς
232 796 266 838 rs
281 788 283 792 ·
299 776 353 840 καὶ
390 766 606 862 ἀνθρώπους.
640 791 674 856 p.
708 774 790 848 tut,
821 776 860 839 D.
892 774 939 842 St,
991 773 1079 838 Idem
1111 769 1277 846 coufirmat

91 873 402 948 Schleiermacberus
416 874 532 943 iutrod.
549 895 582 962 p.
600 877 674 940 20.:
702 878 829 962 «Atque
844 878 906 940 boc
918 877 1047 960 quidem
1057 876 1141 952 loco,
1165 877 1277 949 adum-¹

89 982 184 1044 brata
205 982 432 1065 quadamtenus
454 977 593 1054 civitate,
617 980 712 1043 tertia
732 977 840 1065 operis
854 998 935 1064 pars
949 979 1068 1064 incipit,
1091 980 1165 1044 satis
1179 977 1277 1064 signi·

89 1080 185 1146 ficata
208 1101 248 1147 eo
270 1080 356 1166 quod
376 1084 559 1147 Adimantus
580 1102 645 1146 non
667 1079 796 1154 fratrem
819 1081 932 1159 solum,
956 1085 1012 1148 sed
1033 1082 1275 1149 Polemarcbum

90 1187 189 1252 etiam
212 1193 245 1250 et
265 1185 404 1272 reliquos
427 1205 536 1252 omnes
558 1186 715 1267 advocare
736 1184 903 1250 iubetur.»

178 1293 244 1354 lam
265 1310 330 1356 non
352 1287 517 1356 defuturos
539 1287 679 1354 arbitror
700 1287 755 1375 qui
770 1290 1021 1374 reprehendant,
1046 1293 1131 1375 quod
1146 1291 1273 1356 tertium

88 1396 212 1459 librum
233 1395 308 1459 satis
330 1400 401 1478 apte
425 1413 443 1456 a
464 1391 588 1480 reliquo
611 1411 758 1458 sermone
780 1395 920 1479 separari
942 1395 1094 1470 dicamus,
1119 1400 1273 1459 ettamen

88 1519 194 1564 novae
217 1495 556 1582 quaestionis-initium
574 1517 642 1560 nnn
663 1497 697 1560 in
719 1496 806 1563 tertii
825 1494 900 1562 libri
921 1494 1017 1581 finem
1038 1498 1192 1574 incidere,
1217 1500 1274 1562 sed

88 1604 155 1670 hoc
176 1603 304 1666 demum
324 1601 397 1666 loco
420 1619 490 1680 esse
510 1607 695 1670 statuamus.
728 1601 803 1664 ·Sed
830 1607 1006 1686 utrumque.
1028 1609 1115 1666 recte
1138 1599 1274 1674 affirma·

88 1725 173 1770 mus.
216 1707 296 1770 Nam
325 1708 461 1780 ,sumruo¹
479 1702 610 1768 consilio
633 1701 751 1769 laetum
774 1709 822 1769 est
842 1723 861 1768 a
881 1702 1028 1781 Platone,
1061 1712 1098 1770 ut
1118 1725 1274 1774 novarum

88 1806 427 1895 quaestionumtinitia
445 1828 487 1871 ne
507 1805 688 1892 sempen'in
710 1808 780 1890 ipsa
800 1805 955 1872 librorum
977 1806 1065 1875 initia
1086 1807 1274 1876 inciderent.

87 1915 287 1978 Attexuntur
308 1901 395 1976 enim
413 1930 508 1996 saepe
531 1930 595 1977 non
617 1930 737 1994 pauca,
768 1930 832 1995 quo
855 1912 1004 1976 transitus
1023 1913 1069 1975 ab
1087 1931 1151 1978 una
1172 1931 1208 1976 re
1231 1915 1272 1984 ad

88 2016 187 2084 aliam
206 2013 311 2081 lenior
330 2012 400 2091 fiat,
432 2013 564 2100 ipsaque
584 2017 700 2098 operis
721 2015 755 2078 tn
776 2019 883 2099 partes
905 2022 937 2079 et
949 2022 1107 2099 ,tanquam
1129 2017 1274 2082 membra

89 2141 152 2186 sua
173 2117 353 2197 distributio
375 2119 479 2182 minus
501 2124 661 2204 appareat
705 2115 799 2194 Quod
813 2137 909 2201 quam
929 2120 1102 2201 prudenter
1115 2117 1272 2200 feceritet

89 2221 212 2307 dialogi
233 2220 390 2288 condendi
410 2219 552 2306 artisque
578 2221 702 2306 legibue
723 2220 959 2298 accommodate
981 2220 1078 2288 facile.
1095 2229 1191 2309 patet.
1235 2227 1273 2292 ld

88 2327 191 2412 igitur
211 2332 322 2392 nostro
345 2327 441 2397 etiam
461 2327 535 2392 loco
555 2323 672 2390 lactum
687 2332 746 2401 est,
771 2327 1036 2413 quemadmodum
1051 2329 1181 2392 secundi
1196 2327 1272 2393 libri

90 2432 183 2496 initio
210 2431 329 2496 iactum
355 2427 500 2498 vidimus.
541 2431 620 2494 Nam
649 2450 688 2494 ea
717 2450 798 2514 qnae
818 2428 932 2513 ,quarti
959 2428 1054 2496 buius
1079 2425 1152 2494 libri
1178 2432 1271 2498 initio

91 2541 283 2608 tractantur,
315 2537 516 2618 quorumque
543 2540 763 2617 argumentum
785 2551 858 2598 oum
877 2531 998 2598 lectore
1024 2533 1270 2600 communicavi-

93 2659 179 2714 mus,
200 2656 276 2709 ,non
297 2639 343 2703 ad
358 2654 474 2702 novam
494 2635 632 2722 aliquam
654 2635 870 2722 quaestionem
891 2637 1068 2722 pertinent,
1100 2639 1157 2702 sed
1185 2637 1271 2704 clau·

94 2745 172 2808 dunt
193 2762 275 2827 quae
296 2739 404 2826 priore
425 2739 509 2814 libro
526 2739 673 2826 quaesita
694 2747 792 2815 erant,
815 2746 847 2806 et
867 2747 968 2806 novae
989 2739 1183 2827 quaestionis
1203 2749 1272 2807 tan·

94 2865 189 2931 quam
209 2847 328 2910 aditum
348 2845 503 2930 aperiunt.
556 2845 641 2908 Nam
664 2865 745 2928 quae
766 2842 826 2910 hoe
848 2843 920 2910 looo
943 2845 983 2909 de
1006 2848 1172 2916 custodum
1194 2848 1271 2911 bea-

92 2948 193 3024 titate,
217 2950 257 3012 de
278 2947 369 3014 bellis
391 2949 550 3031 gerendis,
574 2951 614 3012 de
637 2945 771 3018 civitatis
792 2948 1008 3032 magnitudine
1030 2956 1124 3036 atque
1139 2951 1270 3016 interitu

92 3055 271 3127 raduntur,
296 3073 335 3116 ea
356 3042 465 3116 omnia¹
484 3071 524 3115 en
544 3053 649 3137 prima
667 3052 727 3115 ista
749 3050 933 3135 quaestione
954 3055 994 3116 de
1016 3054 1182 3128 custodum
1194 3055 1271 3118 bea-

92 3159 191 3229 titate,
212 3151 392 3240 prolluunt,
409 3160 449 3226 ,et
469 3153 621 3220 iudicium
644 3156 683 3220 de
705 3153 830 3220 civitate
852 3156 915 3220 iam
936 3154 1066 3220 condita
1084 3157 1266 3233 continent,

92 3261 180 3344 quod
202 3257 361 3341 descripta
383 3261 510 3324 demum
530 3257 658 3334 civitate
678 3259 845 3324 ferendum
866 3259 935 3324 fuit
973 3260 1008 3322 Id
1023 3264 1139 3335 autem,
1162 3260 1189 3323 si
1203 3279 1267 3324 uno

93 3365 195 3430 verbe
216 3381 287 3432 rem
306 3361 482 3428 absolvere,
494 3361 651 3438 volueris,
682 3366 743 3427 boc
772 3361 849 3427 erit:
885 3365 955 3430 Vere
973 3363 1089 3430 beatam
1111 3385 1173 3430 ,erse
1191 3365 1270 3430 boec

91 3467 257 3541 maten,
279 3485 338 3530 nec
359 3467 590 3545 necessarium,
620 3465 736 3530 utalia
757 3465 852 3532 etiam
873 3465 1054 3544 addantur,
1077 3487 1158 3554 quae
1179 3486 1272 3553 prae-

92 3578 181 3636 terea
189 3567 345 3654 explicari
367 3587 460 3652 posse
482 3567 659 3634 videantur.
703 3571 752 3634 lta
771 3567 821 3634 bis
842 3567 975 3636 civitatis
990 3569 1195 3657 descriptioni
1216 3569 1271 3637 ab·

91 3673 216 3740 solutae
236 3679 384 3756 tanquam
406 3671 588 3738 coronidem
609 3672 748 3756 imponi,
772 3674 954 3760 aditumque
976 3676 1015 3738 ad
1037 3694 1153 3739 novam
1174 3695 1270 3762 quac·

89 3775 230 3842 stionem
249 3773 318 3840 lieri
339 3781 435 3861 petet.
482 3778 575 3854 Quod
596 3777 642 3840 ita
662 3796 733 3842 esse
754 3776 849 3858 etiam
869 3779 944 3843 inde
965 3779 1172 3864 perspicitur,
1196 3779 1272 3869 quia

90 3882 201 3955 Plato,
232 3899 327 3964 quum
349 3877 524 3956 docuisset,
554 3899 619 3948 non
646 3899 725 3964 opus
747 3899 816 3946 esse
839 3882 1033 3966 reliquarum
1053 3901 1163 3948 rerum
1183 3883 1271 3968 leges

90 3981 197 4058 ferre,
228 4001 268 4049 ne
297 4001 392 4048 unam
421 3985 558 4069 quidem
575 3981 731 4070 reliquam
760 4004 829 4050 esse
858 3984 933 4050 dicit
952 3985 1056 4070 legem
1076 4005 1172 4072 quam
1192 3985 1272 4052 ferri

91 4091 249 4168 oporteat,
265 4091 430 4169 postquam
452 4085 492 4150 de
514 4087 699 4153 educatione
721 4087 839 4154 civium
860 4088 977 4156 dictum
998 4091 1048 4156 sit.
1089 4092 1172 4164 ,Nam
1189 4109 1271 4176 quae

91 4191 133 4254 de
154 4186 309 4272 religione
331 4187 463 4254 dicenda
485 4187 565 4266 sint,=
594 4211 633 4256 ea
653 4193 715 4256 buc
736 4211 801 4258 non
822 4189 984 4275 pertinere
1005 4201 1039 4259 et
1051 4190 1269 4278 ,relinquenda

90 4289 248 4378 Delphico
264 4293 337 4358 dec.
353 4321 393 4338 -·
409 4294 561 4380 Superest
581 4291 683 4362 adbuc
704 4315 768 4362 una
787 4316 852 4376 res,
876 4317 972 4386 quam
985 4300 1046 4368 hoc
1059 4297 1130 4368 loco
1141 4294 1271 4377 silentio
