3298 5232
526 407 798 484 ..-1ta-

77 592 176 639 causa
204 570 315 638 civitas
344 576 504 639 exshuota
530 577 631 648 esset,
661 569 791 638 inventa
811 570 945 647 iustitia,
979 572 1042 636 iam
1071 569 1265 640 satisfactum

77 685 151 743 erat
184 697 295 742 eorum
331 675 518 768 quibuscum
552 674 794 760 colloquebatur
828 677 974 740 Socrates
1005 673 1170 742 voluntati.
1220 681 1266 743 'ht

76 780 261 865 diligentius
283 782 377 845 etiam
393 781 527 844 eandem
544 799 614 844 rem
632 797 667 843 se
685 777 844 864 suplicans
863 779 946 844 velle
967 777 1166 863 significavit.
1213 779 1262 845 cf.

74 883 176 949 finem
198 883 274 949 libri
295 886 349 950 lv.
394 882 511 950 Mirum
534 884 649 967 igitur,
685 883 771 967 quod
799 903 855 958 re,
891 885 924 947 in
956 901 1019 967 qua
1044 885 1167 948 versari
1196 883 1265 950 vult

75 988 343 1074 disputationem,
379 989 521 1052 nondum
550 987 625 1050 satis
654 986 809 1071 explicata
829 990 872 1035 ·'-
894 987 935 1050 cl.
967 985 1023 1052 lib.
1045 988 1100 1054 1v.
1124 1007 1156 1074 p.
1179 987 1261 1065 b35,

73 1096 116 1157 D.
142 1097 175 1156 et
195 1088 250 1155 lib.
273 1092 325 1156 vl.
347 1111 380 1173 p.
404 1090 478 1156 504.
501 1092 537 1158 A.
553 1091 598 1158 st.
621 1123 664 1138 -
685 1091 842 1155 eiusmodi
863 1089 1067 1174 quaestiones
1087 1091 1120 1155 in
1142 1111 1264 1157 sermo-

74 1217 151 1260 nem
175 1193 384 1281 recipiuntur,
415 1213 496 1280 quae
518 1196 558 1258 ad
580 1192 801 1278 explicandum
823 1194 857 1258 id
877 1192 966 1279 quod
983 1195 1157 1280 quaeritur,
1183 1195 1263 1262 nihil

76 1300 208 1365 omnino
237 1296 353 1362 valent.
398 1301 438 1362 at
471 1317 512 1362 ne
549 1291 623 1361 talia
652 1295 964 1380 reprehenderentur
994 1305 1118 1364 cautum
1150 1297 1262 1365 estiis

76 1423 159 1488 quae
178 1403 211 1466 in
236 1399 297 1466 hue
320 1403 425 1486 quarti
449 1398 524 1466 libri
544 1421 576 1487 p.
598 1401 671 1466 tls.
696 1399 919 1486 satagantur.
986 1437 989 1444 ⁴

160 1503 314 1569 Alienane
335 1508 375 1569 ab
396 1504 504 1590 operis
529 1503 662 1570 consilio
686 1519 732 1569 ea·
749 1505 904 1570 sermonis
925 1525 1000 1589 pars
1025 1504 1127 1573 videri
1152 1501 1258 1584 dehet,

75 1630 172 1695 mam
205 1609 366 1674 auditores
403 1609 474 1672 iam
504 1610 559 1673 diu
597 1610 829 1692 exspectavisse
862 1627 896 1673 so
932 1606 1056 1684 dicunt,
1096 1603 1139 1688 ὡς
1166 1604 1260 1696 ἡμεῖς

73 1707 182 1781 πάλαι
204 1715 416 1799 coepipiscopus
436 1705 582 1799 οἰόμενοί
599 1731 639 1776 ’σε
659 1706 929 1796 μνησθήσεσθαι
943 1735 971 1779 ιι.
987 1735 1015 1777 τ.
1030 1711 1066 1789 εἴ,
1084 1714 1214 1778 ‘etiamsi
1226 1715 1260 1778 id

73 1815 168 1881 linxit
194 1814 398 1893 Adimantus,
431 1833 472 1880 ne
508 1814 541 1881 in
570 1816 655 1879 hunc
684 1833 862 1879 sermonem
890 1816 1033 1891 irruere,
1064 1817 1120 1880 scd
1146 1824 1258 1901 sponte

75 1918 200 1985 delatus
226 1938 295 1983 esse
315 1922 501 1984 videretur?
538 1922 618 1982 Nam
641 1915 718 2002 quid
741 1915 941 1984 statuendum
966 1925 1050 1983 esset
1074 1920 1114 1984 de
1137 1939 1177 1986 eo
1204 1919 1260 2005 qui

75 2026 121 2088 sic
147 2024 255 2088 omnia
277 2021 449 2087 misceret?
476 2025 526 2087 Ex
550 2041 591 2087 eo
609 2028 726 2097 autem,
757 2024 844 2106 quod
861 2023 1065 2088 iamdudum
1087 2041 1123 2088 so
1145 2043 1260 2108 exspe-

75 2134 178 2193 ctasse
200 2128 319 2202 dicunt,
349 2134 385 2191 ut
404 2129 444 2190 de
464 2126 623 2192 eiusmodi
641 2128 749 2200 rebus.
778 2128 819 2190 ad
838 2127 997 2191 civitatem
1013 2129 1266 2210 pertinentibus*

75 2231 255 2305 diceretur,
285 2229 434 2316 colligere
454 2227 606 2295 debemus
625 2230 659 2293 in
681 2231 808 2295 civitate
826 2230 948 2294 versari
971 2251 1161 2296 sermonem.
1193 2229 1260 2316 Ipsi

74 2333 98 2400 ii
125 2336 181 2420 qui
209 2332 346 2399 Platonis
379 2332 544 2398 consilium
579 2334 612 2396 in
644 2334 706 2399 hoo
741 2353 840 2416 opere
873 2332 1028 2400 iustitiam*
1058 2335 1259 2420 potissimum

75 2444 224 2521 spectare
250 2440 396 2512 credunt,
410 2469 412 2475 2
428 2444 533 2501 tamen
558 2455 623 2501 uon
650 2444 783 2521 negant,
818 2438 898 2501 hanc
921 2436 1141 2522 quaestionem
1162 2457 1272 2524 quam*

76 2560 163 2606 nunc
190 2539 279 2606 Plato
308 2543 450 2609 instituat
475 2543 513 2605 ad
539 2538 698 2604 civitatem
727 2538 908 2624 pertinere,
943 2531 1017 2605 nam
1046 2543 1079 2607 id
1104 2541 1259 2608 declarari

75 2643 207 2711 verbis:
245 2647 330 2731 μέγα
362 2638 426 2731 γάρ
457 2667 490 2709 τι
520 2638 670 2730 οἰόμεθα
700 2646 812 2735 φέρειν
840 2649 896 2709 καὶ
925 2635 1003 2711 ὅλον
1024 2639 1071 2722 εἰς
1091 2644 1260 2712 πολιτείαν

76 2744 197 2836 ὀρθῶς
217 2742 239 2828 ἢ
259 2745 306 2832 μὴ
328 2747 449 2836 ὀρθῶς
469 2741 670 2832 γιγνόμενον.
714 2747 776 2810 Sed
797 2766 856 2812 nos
876 2755 1043 2833 praeterea
1065 2748 1198 2814 dicimus
1219 2767 1260 2814 ex

22 2841 27 2848 ’
75 2852 125 2918 his
152 2850 229 2938 ipsis
253 2848 360 2916 verbis
382 2849 483 2934 sequi,
516 2848 655 2916 Platonis
681 2851 716 2913 in
739 2852 801 2916 hoc
823 2872 921 2934 opere
946 2851 1112 2918 consilium
1130 2853 1261 2937 potissi·

76 2977 165 3022 mum
190 2955 273 3019 circa
294 2956 452 3019 civitatem
477 2954 608 3018 versari.
644 2956 732 3019 ‘Nam
753 2955 838 3020 side
859 2955 979 3021 iustitia
998 2963 1121 3022 tantm
1140 2963 1259 3041 ageret,

76 3061 156 3144 quid
179 3079 259 3143 opus
286 3064 353 3124 erat
376 3056 534 3123 eiusmodi
560 3059 760 3142 quaestiones
784 3061 945 3146 recipere,
974 3067 1007 3124 et
1031 3080 1101 3124 eam
1131 3058 1260 3144 quidem

77 3161 119 3229 oh
147 3183 293 3239 causam,
327 3161 402 3248 quia
424 3163 530 3246 magni
558 3162 692 3226 ιιόλιιίι
715 3163 900 3240 interesset,
935 3164 1096 3248 σοοιοοοο
1122 3181 1181 3228 eae
1199 3181 1261 3228 res

77 3266 239 3333 institutae
270 3264 356 3331 sinti
924 3274 928 3288 ‘

163 3374 266 3437 Porro
299 3389 398 3456 mum
433 3371 494 3434 hoo
526 3368 597 3434 loco
631 3370 777 3438 Socrates
813 3373 921 3434 utatur
953 3368 1082 3434 verbis:
1115 3368 1172 3435 νῦν
1202 3354 1262 3436 οὗν

77 3471 188 3557 ἐπειδὴ
219 3470 347 3554 ἄλλης
376 3467 645 3566 ἐπιλαμβάνῃ
675 3472 893 3550 πολιτείας
917 3472 1121 3562 πρὶν-ταῦτα
1144 3473 1262 3551 ἱκανῶς

76 3581 272 3656 διελέσθαι,
298 3595 404 3642 nonne
431 3597 473 3642 ex
500 3578 540 3640 iis
565 3577 818 3642 concludendum
842 3584 914 3653 est,'
935 3577 1078 3661 priorem
1106 3576 1263 3643 sermonis

76 3691 218 3767 partem,
249 3678 290 3745 ab
319 3699 359 3746 eo
388 3679 459 3744 loco
483 3701 555 3766 quo
568 3679 727 3745 civitatem
757 3683 895 3744 condere
920 3679 1124 3757 instituebat,
1163 3687 1263 3746 totam

76 3790 108 3852 in
132 3785 260 3852 civitate
278 3790 435 3848 versatam
456 3803 538 3860 esse,
560 3785 700 3869 itemque
718 3781 789 3849 eam
810 3785 850 3847 ad
870 3805 965 3868 (εοεαε
983 3785 1119 3851 transire
1134 3788 1264 3872 quidem

75 3888 215 3962 volebat,
243 3890 299 3954 sed
316 3908 336 3953 a
354 3908 417 3971 qua
437 3879 644 3971 ingredienda
664 3891 704 3952 ab
727 3886 907 3962 adimanto,
929 3886 1145 3964 Polemaroho,
1170 3888 1265 3954 Glau-

76 4015 157 4060 cone
196 3999 229 4056 et
267 3993 498 4080 Thrasymacho
537 3991 747 4076 prohibetur?
797 3995 909 4057 Nonne
937 3992 982 4057 ita
1014 4013 1125 4058 omnes
1157 3999 1264 4079 partes

76 4094 235 4163 sermonis
261 4095 294 4159 iu
321 4095 446 4160 civitate
479 4100 671 4161 versantur?
714 4099 792 4164 Nam
822 4117 917 4182 quam
948 4097 1088 4162 sermoni
1120 4096 1264 4161 instituto

74 4201 215 4267 interiici
242 4196 353 4263 dieunt
375 4200 526 4265 orationis
551 4208 691 4283 partem,
726 4219 765 4264 ea
787 4203 840 4265 vel
868 4202 907 4266 iis
920 4200 1023 4288 ipsis,
1056 4202 1111 4286 qui
1138 4206 1264 4264 contra·

74 4305 158 4370 riam
183 4309 312 4369 nostrae
333 4302 520 4370 seutentiam
541 4300 736 4380 defendunt,
768 4303 802 4370 in
827 4305 953 4372 civitate
979 4305 1103 4371 versari
1126 4301 1264 4369 videm.
