3298 5232
890 431 935 450 ..
973 397 1037 466 531,
1079 427 1123 448 ..

425 567 628 650 repetandam
660 567 692 628 et
719 559 816 628 rerba
842 558 942 642 δῆλος
960 554 1028 650 γάρ
1043 582 1115 628 Ιπου
1136 561 1193 627 καὶ
1214 545 1325 639 οὗτος,
1359 547 1429 626 οἷον
1450 552 1569 650 φήσομεν

426 669 494 733 deta
515 661 618 732 αὐτὸν
639 655 732 732 εἶναι.
777 663 900 746 Δῆλος,
927 662 1000 754 ἔφη·
1029 660 1144 731 doaent
1161 682 1233 730 non
1260 661 1439 748 singulatim
1461 661 1498 728 de
1518 661 1569 728 viro
1610 679 1611 682 ’

425 774 500 836 bnis
521 771 638 836 civitati
663 768 757 834 simili
779 771 897 834 dietum
919 779 1003 842 esse,
1034 768 1094 834 sed
1115 766 1270 835 inclusum
1291 787 1365 832 eum
1390 785 1458 834 esse
1479 767 1508 830 in
1528 769 1570 832 hae

425 874 558 940 civitatis
582 871 806 957 descriptione.
852 873 945 949 Quod
965 873 1027 936 nisi
1047 891 1101 936 res
1119 873 1163 936 ita
1179 873 1374 942 esset,·baee
1391 870 1495 934 doceri
1511 891 1569 952 opos

340 1013 342 1018 .
423 996 489 1044 non
512 985 591 1052 erat,
617 974 882 1064 quemadmodum
906 994 966 1040 neo
991 973 1098 1040 doouit
1119 974 1207 1052 Plato
1230 973 1350 1040 domm
1369 993 1438 1040 esse
1458 971 1495 1037 de
1516 972 1570 1040 airi-
1610 991 1611 1040 ;

424 1087 499 1158 tate,
525 1089 561 1146 et
578 1081 653 1146 satis
673 1082 785 1154 babuit
806 1098 1075 1155 commemorare,
1098 1077 1228 1144 finitum
1250 1097 1338 1144 nune
1358 1097 1428 1147 esse
1451 1081 1525 1144 buno
1543 1079 1569 1142 de

424 1184 551 1253 civitate
574 1204 760 1253 sermonem.
804 1180 899 1261 Quod
920 1185 947 1247 si
970 1182 1046 1267 qrrid
1069 1202 1132 1266 ego
1151 1185 1250 1248 video
1268 1179 1330 1248 viri
1350 1181 1504 1268 pertentas
1517 1182 1569 1244 ciri·

423 1290 496 1355 tatis
517 1287 626 1354 similis
647 1293 708 1353 boo
729 1287 801 1372 loco
822 1308 887 1351 non
910 1285 1000 1352 aliter
1018 1283 1053 1350 fit
1074 1288 1201 1362 mentio,
1228 1283 1376 1370 quanin
1396 1283 1568 1371 sequentibus

423 1390 620 1460 diversarum
638 1391 797 1458 civitatum
812 1393 912 1466 uiros,
939 1389 993 1476 qni
1009 1393 1181 1456 earundem
1202 1389 1340 1456 indolem
1358 1386 1494 1457 referant
1510 1407 1569 1452 eom

422 1496 595 1563 memorari
618 1493 784 1570 videmus,
809 1503 844 1558 ut
867 1493 1094 1577 intelligamus,
1123 1496 1208 1560 unde
1230 1513 1349 1566 omues.
1367 1491 1504 1558 civitates
1525 1489 1569 1556 ori·

423 1598 529 1683 ginem
555 1599 709 1676 habeant,
740 1597 866 1684 etquid
890 1599 924 1664 in
946 1597 1064 1664 iudicio
1086 1596 1128 1663 de
1149 1596 1189 1663 iis
1211 1595 1343 1664 terendo
1364 1594 1569 1680 respiciendum
1610 1631 1611 1680 p

422 1701 472 1772 sit
516 1700 564 1767 Cb
584 1701 647 1781 lib.
677 1704 760 1771 VIIl.
782 1723 813 1789 p.
837 1703 909 1768 553.
931 1705 966 1767 Ε.
989 1702 1070 1778 ott,
1099 1705 1139 1766 Ι).
1163 1703 1237 1766 558.
1262 1707 1342 1768 extr.
1366 1702 1443 1775 550,
1472 1700 1502 1766 C.
1520 1719 1567 1783 sqq.

423 1809 494 1876 553.
515 1805 559 1871 in.
583 1809 656 1883 558,
679 1807 715 1871 C.
738 1808 793 1875 lib.
813 1809 869 1873 llb
892 1809 965 1870 571.
989 1805 1034 1870 in.
1059 1807 1104 1868 St.
1149 1805 1296 1870 Ceterum
1310 1804 1432 1888 negari
1453 1823 1511 1868 non
1531 1822 1569 1885 po
1610 1887 1611 1890 Ἴ

423 1917 484 1977 test
505 1909 647 1977 adiuvari
668 1909 736 1975 istis
762 1909 872 1976 selsam
896 1911 1035 1994 speeiem
1062 1912 1102 1976 de
1133 1909 1249 1992 Operis
1270 1905 1531 1982 tiae-excitatam,
1549 1912 1568 1969 et

423 2015 547 2088 annecti
566 2017 611 2078 ita
635 2015 801 2079 commode
823 2015 901 2080 haee
925 2014 965 2079 iis
989 2033 1071 2100 quae
1097 2015 1136 2078 de
1157 2011 1277 2078 institia
1302 2018 1394 2076 antea
1422 2013 1534 2078 dixerat
1549 2017 1568 2072 at

423 2121 526 2181 adhue
548 2117 655 2182 disere
676 2115 811 2184 volebat.
854 2121 934 2183 Nam
960 2124 1063 2183 totum
1087 2135 1167 2202 opus
1191 2114 1232 2182 de
1254 2114 1427 2202 Republica
1448 2115 1568 2200 innuas

423 2219 557 2284 stionem
576 2218 615 2286 de
631 2220 748 2286 iustitia
766 2221 856 2306 qnasi
875 2220 1011 2287 formam
1023 2215 1186 2287 inclusum
1209 2227 1265 2286 est.
1305 2222 1354 2286 lta
1368 2239 1432 2286 nee
1445 2220 1507 2284 sine
1518 2238 1568 2282 son

422 2320 493 2388 silio
514 2322 612 2406 panlo
633 2332 726 2400 ante,
756 2323 816 2389 etsl
839 2327 944 2390 obiter
967 2332 1108 2400 tantum,
1141 2322 1279 2390 institiae
1307 2324 1503 2390 mentionem
1522 2319 1568 2386 lari

420 2424 567 2492 vidimus.
605 2426 653 2492 ef.
676 2447 707 2513 p.
730 2428 802 2496 550.
822 2431 861 2492 Ε.
886 2431 930 2492 St.
975 2429 1108 2494 Summa
1124 2427 1221 2512 igitur
1238 2425 1458 2513 disputationis
1472 2432 1567 2492 nostrae

420 2533 499 2595 haee
526 2539 596 2596 ost:
632 2533 748 2609 omnia,
780 2553 861 2618 qnae
889 2530 929 2598 ad
958 2532 1043 2598 buno
1072 2550 1173 2617 usqne
1193 2534 1299 2598 locum
1324 2553 1344 2596 a
1369 2529 1452 2596 libri
1470 2525 1568 2596 meandi

420 2655 453 2718 p.
475 2636 552 2700 368.
570 2637 616 2700 St.
644 2637 825 2712 dictasint,
861 2640 900 2700 de
929 2635 1052 2702 civitate
1080 2637 1229 2724 perlecta
1246 2634 1328 2702 dieta
1348 2621 1440 2713 erae,
1468 2636 1567 2718 eiusque

421 2737 640 2826 disputationis
661 2743 745 2805 buno
766 2759 834 2806 esse
855 2737 960 2806 finem.

905 3002 1101 3016 *ω

435 3193 438 3198 ’
506 3197 668 3314 Septimi
692 3213 781 3288 libri
801 3217 915 3318 finem
940 3220 1042 3288 reolo
1068 3237 1115 3287 ao
1140 3238 1210 3290 seo
1236 3215 1317 3306 loeo
1341 3215 1505 3316 positum

834 3369 932 3441 esse,
960 3344 1184 3422 ostenditur.

502 3560 612 3624 Finem
635 3559 760 3645 septimi
781 3559 882 3627 huius·
896 3560 971 3626 libri
991 3568 1078 3628 reete
1099 3583 1119 3628 a
1141 3569 1292 3648 sequente
1308 3568 1423 3633 octavo
1436 3562 1514 3630 libro
1526 3556 1569 3623 dis-

418 3661 506 3746 iungi
527 3682 622 3729 nemo
645 3671 692 3727 ost
714 3668 768 3748 qni
789 3672 894 3749 neget.
939 3668 1048 3750 Itaque
1070 3673 1190 3732 tantum
1203 3674 1309 3732 restat
1330 3673 1365 3732 ut
1392 3669 1568 3734 ostendamus

419 3768 503 3830 bone
524 3765 690 3850 septimum
719 3766 836 3832 librum
857 3775 944 3834 reete
963 3789 982 3833 a
1002 3771 1280 3857 proximopriore
1301 3770 1384 3837 libro
1407 3770 1568 3838 disiunctum
1610 3811 1611 3858 p

419 3869 537 3945 videri,
568 3873 669 3956 quod.
685 3890 726 3935 ex
753 3873 823 3958 ipso
850 3874 944 3936 bnins
964 3873 1038 3939 libri
1060 3875 1443 3961 argumento'apparebit.
1485 3871 1568 3937 Totins

419 3991 499 4037 vero
520 3971 594 4038 libri
616 3983 833 4060 argumentum
854 3975 893 4040 ad
914 3981 976 4042 boo
997 3979 1089 4056 redit,
1112 3985 1147 4044 ut
1163 3977 1346 4064 disciplinae
1362 3976 1476 4065 quibus
1490 3980 1568 4042 custo

419 4073 476 4140 des
504 4082 538 4139 et
563 4084 704 4142 rectores
734 4079 833 4144 laturi
853 4074 1037 4165 instituendi
1064 4081 1126 4146 sint
1155 4089 1357 4159 enarrentur,
1387 4070 1568 4168 temporaque

421 4175 550 4266 qnando.
576 4178 748 4247 tradendae
780 4182 843 4246 sint
860 4192 1099 4271 proponantur.
1128 4183 1238 4264 Quod
1268 4189 1310 4252 de
1341 4185 1476 4270 septimo
1504 4181 1568 4247 libro

419 4303 529 4352 omues
551 4281 739 4362 monadum
757 4305 835 4354 eum
854 4294 948 4354 reete.
962 4291 1002 4362 ab
1024 4295 1139 4374 semro
1161 4288 1310 4385 disbmgi,
1326 4291 1419 4358 ,idem
1436 4293 1475 4356 de
1488 4279 1568 4372 quoti
