3312 5238
897 392 1130 458 -tto-

422 568 506 616 -vero
530 547 679 619 audaciae
701 569 813 634 genus,
843 571 963 628 avena
985 549 1171 617 fortitudine
1196 569 1263 617 non
1287 548 1350 630 adia
1371 567 1409 616 re
1433 546 1580 628 &ersom

426 671 521 738 qnam
546 652 633 737 quod
654 653 731 719 baec
755 652 865 737 opinio
886 674 952 720 non
969 661 1171 738 permaneat,
1208 675 1272 720 non
1296 661 1549 722 commemoratur
1568 676 1582 720 a

424 756 575 833 Platone,
613 759 669 822 sed
695 754 864 822 confictum
891 765 939 822 est
967 779 987 822 a
1011 759 1082 824 viro
1112 756 1305 826 doctissimo.
1353 755 1483 824 Dixerat
1515 756 1583 822 enin

423 859 513 926 Plato
534 881 643 926 veram
657 858 876 927 fortitudinem
896 857 954 926 διὰ
973 858 1099 939 παντὸς
1120 879 1321 948 permanere.
1338 895 1381 913 -·
1396 859 1583 926 somenam

422 981 503 1028 »vero
528 966 568 1028 dc
596 964 749 1032 hocloco
774 968 818 1030 ita
832 966 997 1048 disputat:
1034 959 1213 1052 ννὸμιμον]
1243 959 1386 1052 μόνιμον
1408 966 1493 1029 stab.
1516 965 1584 1048 qood

426 1068 619 1152 Stephanum
645 1066 793 1134 maluisse
821 1066 1035 1142 dicitnsuus,
1057 1089 1152 1152 quam
1178 1069 1394 1134 eonieotmam
1414 1086 1474 1132 nec
1493 1085 1584 1149 margo

423 1172 574 1256 stephani
594 1191 700 1258 neque
721 1171 884 1238 adnotatio
902 1169 1053 1238 continet.
1096 1174 1176 1236 Eam
1197 1191 1263 1238 non
1286 1169 1448 1237 immerito
1468 1173 1583 1255 probare

425 1273 551 1340 videtur
574 1273 690 1340 Aetius.
736 1272 906 1352 Quomodo
930 1273 1015 1339 euim
1041 1282 1096 1341 ant
1126 1271 1249 1360 legibus
1276 1293 1341 1340 uon
1365 1281 1584 1340 consentaneam

424 1375 608 1444 existimare
627 1385 746 1444 recum
766 1377 950 1462 opinionem
972 1379 1118 1447 Socrates
1140 1384 1273 1465 poterat,
1297 1383 1353 1442 ant
1371 1397 1437 1444 non
1455 1397 1511 1463 per
1529 1397 1586 1442 eru·

298 1565 300 1570 Ι
424 1480 577 1548 ditionem
597 1483 782 1566 acquisitam
804 1490 976 1567 propterea
1002 1477 1184 1567 repudiare,
1214 1479 1304 1569 quod
1321 1479 1488 1564 illegitimo
1507 1481 1585 1546 modo

426 1590 509 1652 asset
544 1589 772 1674 competetet»
826 1583 940 1667 Facilis
974 1584 1014 1652 ad
1049 1588 1127 1650 haec
1154 1593 1204 1651 est
1236 1583 1416 1670 responsio.
1452 1583 1585 1668 ‘Legibus

426 1709 492 1754 non
518 1699 759 1755 consentaneam
788 1686 909 1772 putavit
934 1691 1016 1754 hane
1047 1687 1230 1774 opinionem
1256 1689 1360 1764 Plato,
1394 1686 1470 1774 quia
1496 1691 1586 1752 huma

425 1791 530 1858 nitatis
550 1810 672 1878 expers.
691 1793 747 1872 sit,
779 1791 810 1857 h.
842 1813 870 1867 a.
893 1811 958 1859 non
980 1809 1123 1877 'congrua
1146 1789 1342 1858 educationis
1367 1789 1493 1874 legibue
1514 1797 1586 1854 antea

424 1895 613 1982 propositis;
643 1916 702 1962 nec
723 1902 892 1982 prepterea
917 1894 1191 1982 eanrepudiavit
1209 1893 1297 1980 quod
1318 1892 1483 1979 illegitimo
1500 1896 1584 1960 modo

417 2001 674 2084 comparatam,
696 1997 753 2064 sed
766 1997 858 2083 'sprod
879 1997 920 2064 sit
941 1995 1018 2066 ἄνευ
1039 1999 1192 2076 παιδείας
1207 2002 1371 2084 γεγονυῖα,
1392 2001 1428 2064 h.
1446 2015 1475 2064 e.
1491 2015 1585 2082 expers

424 2101 645 2179 humectam
679 2096 773 2190 ὀρθὴ
803 2096 885 2181 δόξα
916 2111 964 2168 ost
995 2099 1107 2185 igitur.
1122 2104 1265 2178 relatiua,
1297 2107 1332 2168 nt
1358 2099 1466 2170 dicere
1491 2099 1585 2172 solent,

425 2201 532 2295 ὀρθή.
573 2200 761 2288 improbans
783 2202 897 2270 deinde
922 2205 1134 2272 Schneiderus
1164 2205 1246 2272 Astii
1273 2203 1492 2272 amusim
1517 2223 1586 2271 rece·

424 2319 499 2396 ptae
525 2308 685 2385 leodonis,
709 2328 771 2394 que
795 2306 824 2374 is
851 2307 966 2394 respici
992 2317 1079 2394 putat
1104 2306 1203 2375 verba
1227 2329 1308 2395 quae
1329 2330 1364 2392 p.
1388 2310 1472 2386 d29,
1499 2308 1531 2372 C.
1553 2305 1586 2372 le·

420 2423 558 2500 guntur,
589 2413 647 2494 τῆς
673 2407 778 2493 δόξης,
801 2411 860 2492 τῆς
881 2407 946 2478 ὑπὸ
968 2407 1074 2500 νόμων
1094 2408 1151 2479 διὰ
1174 2413 1230 2494 τῆς
1252 2412 1404 2492 παιδείας
1426 2410 1585 2498 γεγονυίας,

426 2527 459 2584 et
485 2517 592 2585 dicens
610 2516 807 2584 Glauconem
829 2513 882 2582 hic
897 2514 1052 2582 ratonem
1068 2515 1205 2583 reddere
1223 2514 1351 2590 dedere,
1379 2535 1438 2586 cm
1460 2518 1586 2582 marne

424 2619 549 2706 iegibus
583 2629 704 2686 tantum
734 2619 953 2706 legitimaque·
972 2622 1158 2686 educatione
1192 2619 1386 2706 impertitam
1423 2619 1585 2706 opinionm

423 2733 544 2792 rmum
568 2722 762 2792 tortitudinis
786 2726 914 2790 nomine
935 2722 1089 2810 appellari
1108 2723 1193 2800 vetit,
1219 2744 1284 2790 non
1306 2726 1503 2798 recordatur,
1522 2725 1586 2786 hanc

421 2849 553 2895 omnam
578 2815 837 2913 disputationem.
857 2824 931 2894 inde
965 2828 1139 2910 profectam
1170 2847 1257 2903 esse,
1291 2831 1379 2912 qnod
1411 2821 1585 2894 fortitudinis

418 2930 639 3000 »definitionem
667 2929 875 3006 Socraticam,
904 2952 936 3018 p.
953 2933 1045 3008 dat),
1077 2934 1112 2996 B.
1137 2931 1190 3005 (1.,
1223 2929 1341 3016 inqua
1365 2925 1585 2998 mihiattendes

425 3039 524 3105 verbe
552 3026 576 3101 ίί
602 3040 719 3102 τεκαὶ
747 3028 802 3101 οἶα
829 3030 849 3101 ὁ
876 3037 1067 3120 νομοθέτης
1093 3029 1310 3125 παρήγγειλεν
1336 3035 1370 3100 ἐν
1390 3035 1432 3129 τῇ
1452 3031 1584 3119 παιδείᾳ,
1625 3065 1626 3122 j

422 3147 496 3208 non'
514 3136 704 3208 intellexerit
732 3137 867 3215 Glauco,
899 3133 946 3206 Οὐ
967 3131 1070 3217 πάνυ,
1093 3135 1173 3226 ἔφη,
1202 3136 1337 3223 ἔμαθον
1360 3131 1380 3204 ἱί
1401 3129 1504 3218 εἶπες,
1529 3125 1583 3200 ἀλλ’
1625 3155 1626 3194 t

426 3232 534 3321 αὖθις
556 3239 634 3310 είπί.
676 3239 727 3308 Ob
749 3259 818 3308 eam
843 3241 941 3326 igitur
965 3257 1091 3306 cansam
1111 3259 1176 3305 non
1193 3239 1299 3306 solum
1323 3239 1448 3324 singola
1470 3236 1585 3326 quaein
1625 3207 1626 3294 ί

425 3346 609 3414 definitione
631 3354 781 3432 posuerat
803 3347 963 3412 Socratem
983 3342 1141 3429 explicare
1168 3344 1332 3422 cidamum
1355 3342 1405 3428 (of.
1423 3365 1457 3430 p.
1475 3344 1541 3414 iit,
1560 3339 1585 3402 C.

425 3473 495 3540 qno
524 3451 595 3518 ioco
615 3449 771 3537 teguntur
800 3446 899 3514 verba
923 3450 963 3514 ah
992 3448 1081 3513 Aetio
1110 3444 1265 3531 laudata),
1301 3448 1358 3514 sed
1387 3454 1486 3515 totam
1509 3442 1585 3512 ctiam
1625 3439 1626 3444 ’

422 3575 494 3624 rom
512 3555 673 3624 illustrare
694 3551 857 3637 exemplis,
887 3559 920 3618 et
942 3551 975 3617 in
1000 3549 1062 3622 fine
1087 3548 1306 3637 disputationis
1323 3558 1473 3634 repetere
1494 3543 1586 3618 defini-

424 3660 553 3735 tionem,
580 3655 845 3744 quemadmodum
866 3654 1002 3741 primum
1029 3653 1131 3739 posita
1157 3662 1240 3730 erat,
1265 3651 1320 3720 hic
1344 3651 1438 3722 etiem
1464 3658 1585 3720 utentem

424 3759 531 3830 uerbis
555 3758 652 3843 δόξης
673 3755 785 3849 ὀρθῆς
806 3763 861 3826 καὶ
883 3759 1037 3845 νομίμου.
1079 3760 1127 3825 Ita
1159 3755 1261 3825 tribus
1288 3757 1367 3824 locis
1393 3755 1504 3824 eadem
1530 3769 1585 3820 sen

425 3866 523 3932 tentia
549 3885 621 3931 cum
649 3862 765 3932 iisdem
795 3863 957 3929 vocabulis
989 3860 1137 3930 recurrit.
1190 3862 1296 3938 Quum
1324 3881 1376 3928 res
1408 3859 1454 3928 ite
1481 3859 1534 3931 ait,
1562 3858 1585 3918 ei

425 3968 594 4037 Glauconis
608 3965 706 4036 verba
721 3964 960 4034 cunctationis
974 3962 1088 4041 torma.
1115 3966 1222 4042 δοαιῑς
1241 3960 1307 4056 γάρ
1328 3989 1388 4051 μοι
1409 3960 1469 4045 τὴν
1489 3953 1585 4050 ὀρθὴν

418 4067 526 4155 ,δόξαν
539 4105 541 4112 ·
554 4075 627 4162 περὶ
655 4072 720 4138 τῶν
747 4065 855 4138 αὐτῶν
876 4063 1000 4136 τούτων
1021 4065 1099 4136 ἄνευ
1120 4067 1273 4152 παιδείας
1291 4071 1467 4154 ’γεγονυῖαν
1486 4059 1542 4146 τήν
1559 4081 1584 4126 τι

366 4175 369 4180 ’
425 4169 592 4267 θηριώδη
609 4177 669 4242 καὶ
695 4167 934 4266 ἀνδραποδώδη
962 4167 1037 4240 αὕτα
1063 4165 1150 4240 πάνυ
1171 4165 1313 4258 νόμιμον
1334 4165 1493 4256 ἡγεῖσθαι
1516 4162 1583 4234 ἄλλο

424 4283 462 4353 τί
485 4273 586 4365 cap-'32
614 4271 767 4372 ἀνδρείαν
794 4278 914 4346 misia.
956 4270 1215 4358 Ἀληδὲατατα,
1248 4260 1290 4356 ἦν
1311 4269 1348 4374 ,δ’
1378 4269 1456 4363 ἐγὼ,
1487 4273 1584 4358 λέγειν.
