3296 5232
556 415 784 483 443-

88 579 293 644 σκεπτέον
318 573 588 664 πολιτείαν*),
615 611 658 627 -
687 571 794 664 ὄνομα
822 570 887 695 μὰρ
917 567 976 642 οὖν
1005 571 1066 663 ἔχοι
1093 563 1268 695 λεγόμενον

86 677 228 746 ἄλλο’
214 676 235 762 η’
263 681 477 770 τιμοκρατίαν
503 675 525 762 ἢ
553 679 729 769 τιμαρχίαν
756 674 859 760 αὐτὴν
888 679 1092 760 κλητέον-
1119 674 1203 769 πρὸς
1230 679 1268 744 «ii

86 780 215 865 ταύτην
236 781 294 851 τόν
314 785 465 851 τοιοῦτον
482 779 593 873 ἄνδρα
616 777 835 877 σκεψόμεθα,
857 781 968 848 ἔπειτα
990 777 1185 870 ὀλιγαρχίαν
1211 783 1267 849 καί

85 884 198 977 σίνόρα
224 882 452 977 ὀλιγαρχικόν,
485 874 591 963 αὖθις
620 887 654 952 δὲ
688 882 733 964 εἰς’
751 886 986 1011 δημοκρατίαν
1015 881 1268 982 ἀποβλέψαντες

85 986 301 1078 θεασόμεθα
323 988 430 1081 ἄνδρα
452 985 703 1078 δημοκρατικόν,
724 986 764 1055 τό
786 991 822 1055 δὲ
843 992 1001 1081 τέταρτον
1022 985 1067 1068 τίς
1088 1011 1268 1082 τυραννον·

84 1098 189 1181 μένην
209 1090 304 1162 πόλιν
326 1089 484 1171 ελθόντες
505 1098 560 1160 καὶ
584 1087 723 1172 ἰδόντες,
751 1087 851 1159 πόλιν
872 1088 917 1170 εἰς
939 1089 1136 1184 τυραννικὴν
1155 1088 1288 1183 ψυχὴν·

84 1199 279 1284 βλέποντες,
311 1193 547 1284 πειρασόμεθα
578 1195 651 1286 ’περὶ
685 1186 729 1262 ὧν
757 1199 986 1285 προυθέμεθα
1019 1199 1128 1264 ίκανολ
1155 1200 1267 1286 κριταὶ

85 1303 270 1387 γενέσθαι,·
306 1297 408 1366 Κατὰ
435 1295 534 1384 λόγον
562 1304 598 1385 γε’
626 1323 680 1365 τοι
708 1295 766 1379 dv,
799 1299 880 1392 ἔφη,
914 1289 999 1366 οίίτω
1021 1299 1169 1386 γίγνοιτο
1189 1291 1211 1382 ἦ
1232 1321 1268 1371 το

85 1407 161 1471 θέα
183 1400 280 1484 καὶὴ
302 1405 417 1491 κρίσις.
461 1403 508 1470 Cf.
532 1424 564 1490 p.
589 1406 663 1482 545,
687 1407 723 1468 B.
747 1405 792 1468 St.
838 1405 903 1469 Cur
923 1401 1084 1470 Platonem
1108 1406 1268 1472 hune-ora

86 1507 196 1574 dinem
228 1515 370 1574 secutum
403 1524 471 1582 esse
503 1507 712 1584 arbitremur,
748 1527 845 1593 quum
877 1513 986 1573 contra
1017 1507 1136 1574 rationi
1165 1509 1267 1595 magis

86 1615 337 1678 censentanenm
358 1613 409 1688 sii,
436 1610 524 1697 prius
545 1610 726 1676 describere
748 1629 854 1674 mores
877 1612 1075 1697 singulorum
1090 1611 1266 1694 hominum,

44 1730 48 1739 ·
87 1713 238 1801 deinceps
261 1713 434 1792 civitatum,
462 1718 611 1800 quoniam
634 1717 693 1779 hae
717 1735 759 1778 ex
783 1712 844 1778 iilis
866 1713 1030 1780 oriantur?
1064 1716 1167 1794 Quam
1181 1715 1267 1784 viam

87 1818 116 1884 si
139 1819 301 1906 ingressus
324 1826 407 1883 esset
427 1818 526 1894 Plato,
550 1805 644 1904 qnam
666 1819 846 1905 perniciosa
868 1824 973 1882 essent
988 1815 1065 1884 vitiu
1085 1817 1146 1884 ista
1164 1820 1266 1904 magis

87 1923 183 1986 etiam
214 1920 405 1988 intellectum
435 1917 532 1988 essct'
569 1925 648 1986 Nam
675 1923 721 1985 ita
746 1941 806 2004 per
834 1913 1075 1987 adscensionem
1097 1941 1116 1988 a
1140 1926 1266 1988 minore·

87 2029 129 2090 ad
154 2027 256 2091 maius
285 2027 385 2110 magis
416 2027 509 2089 eiiam
538 2023 689 2091 illustrari
715 2045 847 2090 necesse
872 2025 948 2104 init,
981 2031 1098 2110 quanta
1122 2024 1266 2110 pernicie

87 2129 212 2213 singuia
242 2129 337 2206 vitia,
374 2149 509 2215 quorum
538 2127 660 2194 indoles
689 2127 731 2194 ito
760 2129 794 2194 in
826 2127 1021 2213 singulorum
1057 2129 1170 2194 animis
1200 2130 1266 2194 iam

87 2232 242 2298 illustrata
261 2228 364 2306 esset,
386 2232 528 2298 civitates
553 2232 691 2317 singutas
717 2233 923 2300 addictarent.
968 2229 1190 2298 Concludimus
1206 2233 1266 2318 igi·

88 2340 141 2401 tur
168 2335 252 2402 bunc
277 2335 421 2401 ordinem
443 2338 517 2401 ideo
545 2334 720 2401 institutum
750 2355 838 2413 esse,
881 2333 957 2421 quia
981 2338 1060 2400 baec
1088 2337 1196 2401 omnia
1223 2333 1266 2402 ad

87 2440 258 2517 civitatem,
288 2461 381 2524 quam
394 2437 610 2515 condiderat,
637 2437 767 2522 proprie
793 2429 991 2521 spectabant,
1020 2445 1053 2503 et
1072 2435 1263 2516 efficiebant,

86 2551 122 2608 ut
143 2551 229 2608 recte
256 2541 460 2618 iudicaretur,
490 2542 565 2629 quid
585 2544 668 2608 inter
688 2561 757 2607 eam
780 2551 811 2606 et
828 2541 966 2628 reliquas
989 2543 1131 2610 civitates
1154 2541 1265 2609 discri-

88 2647 182 2712 minis
207 2647 420 2712 intercederet
445 2654 476 2711 et
500 2653 649 2734 quantum
673 2644 726 2711 illa
750 2653 935 2729 praestaret.

173 2751 381 2838 Ipsum‘ve'ro
402 2749 615 2838 aristocratiae
637 2751 670 2815 in
694 2737 903 2816 timueratiam
928 2749 1094 2818 transitum
1115 2755 1262 2818 simutao·

82 2855 220 2920 tionem*
236 2858 270 2918 in
298 2855 383 2917 hunc
409 2852 537 2919 modum
565 2852 654 2918 Plato
682 2851 849 2924 describit:
887 2843 972 2946 Φέρε
1001 2855 1126 2937 τοίνυν,
1155 2842 1196 2936 ἦν
1225 2849 1258 2924 δ’

83 2956 164 3044 ἐγὼ,
192 2951 387 3046 πειρώμεθα
415 2959 532 3043 λέγειν,
561 2957 635 3022 τίνα
663 2953 786 3044 τρόπον
807 2958 1004 3047 τιμοκρατία
1025 2954 1140 3045 γένοιτ’
1165 2955 1264 3042 dett

83 3056 395 3150 tiotdrortocrricrg.³
374 3087 394 3140 η
418 3055 491 3126 eddo
512 3065 573 3146 μὲν
594 3051 770 3140 ἁπλοῦν,’
751 3084 804 3126 οτι
824 3062 916 3128 πᾶσα
930 3063 1080 3129 πολιτεία
1092 3059 1261 3150 μεταβάλ-

83 3169 134 3231 λει
157 3163 190 3245 ἐξ
211 3159 315 3229 αὐτοῦ
336 3165 395 3229 τοῦ
417 3162 548 3251 ε’χοντος
568 3159 628 3240 τὰς
650 3158 763 3253 ἀρχὰς,
785 3155 867 3230 όταν
888 3166 921 3231 ἐν
943 3161 1033 3258 αὐτῷ
1046 3161 1159 3290 τσότῳ
1180 3161 1264 3232 urci-

84 3291 139 3345 σις
168 3261 399 3353 ἐγγίνηται,
384 3267 602 3353 ομονοοῦντος
625 3268 675 3346 δὲ,
707 3262 768 3332 κόίν
794 3262 880 3334 πάνυ
909 3256 1062 3354 ὀλίγον
1041 3297 1073 3392 ης,
1094 3235 1261 3337 ἆθίίνατον

83 3371 286 3452 κινηθῆναις
311 3367 406 3436 Ἔστι
429 3365 493 3459 γὰρ
517 3360 610 3436 οίίτω.
654 3372 735 3448 Πῶς
756 3357 814 3436 οὖν
836 3367 888 3452 δὴ,
912 3361 1063 3455 εἶπον,
1040 3399 1065 3439 ιο
1086 3367 1263 3453 Γλαύκων,

84 3471 105 3558 ἡ
135 3471 278 3556 πόλιςὴ
259 3498 335 3560 ημιν
362 3469 599 3554 κινηθήσεται,
634 3478 689 3539 καὶ
711 3499 755 3556 πη
778 3469 1017 3542 στασιάσουσιν
1038 3499 1072 3542 οι
1061 3476 1259 3566 ’ἐπίκουροι

83 3585 141 3648 καὶ
165 3581 195 3644 oi
218 3573 371 3666 αρχοντες
392 3573 473 3667 πρὸς
495 3571 657 3657 είλληλονς
679 3601 712 3644 τε
734 3581 789 3644 καὶ
810 3574 893 3668 πρὸς
914 3573 1115 3663 ἕαυτοός;’
1092 3605 1112 3661 η
1133 3572 1256 3664 βούλει,

83 3676 193 3774 ὥσπερ
210 3672 373 3770 Ὅμηρος,
395 3674 570 3768 εὐχόμεθα
593 3685 665 3759 ταῖς
686 3676 842 3761 Μούσαις
863 3679 961 3750 εἰπεῖν
982 3677 1076 3770 ἡμῖν,
1106 3671 1194 3761 ὅπως
1216 3676 1259 3765 δὴ

81 3861 408 3900 Μ,

156 3965 179 4034 ·)
198 3967 238 4020 ci.
258 3979 327 4032 quae
346 3969 379 4019 de
397 3969 468 4020 omni
487 3965 537 4022 irre
555 3971 658 4022 ratione
677 3971 805 4022 iustitium
822 3981 844 4020 ι.
864 3971 1022 4024 iniustitiam
1040 3971 1193 4028 inveniendi
1212 3985 1255 4028 τε·

83 4057 173 4112 cundo
191 4058 259 4110 iibro
278 4056 401 4110 diximus.
437 4058 504 4111 Nem
523 4073 591 4124 quae
610 4060 785 4122 ibidiximus,
805 4063 1004 4115 iustitiamnon
1024 4066 1052 4115 in
1071 4061 1256 4126 civitatensi

81 4151 112 4201 in
131 4148 296 4213 singulorum
314 4149 409 4214 animis
427 4148 602 4214 indagandum
621 4150 720 4211 rideri,
749 4164 779 4204 ee
799 4149 832 4202 ud
851 4150 1009 4204 iniustitiam
1029 4154 1164 4206 transferri
1181 4155 1255 4204 recto

83 4243 207 4305 possunt
244 4235 341 4292 Contra
363 4251 426 4292 raro
451 4251 481 4294 rr
503 4237 612 4297 dirersis
630 4236 767 4294 bominum
784 4241 901 4297 moribus
920 4242 1099 4347 diversitatem
1118 4243 1254 4300 civitatum

84 4336 159 4386 rocta
179 4329 342 4394 reperireris.
