3312 5238
562 379 710 448 -1ss
754 411 799 434 ·-

89 547 158 610 noa
177 541 289 631 pessit,
312 542 470 608 deducere
490 539 631 626 legentes
652 539 810 608 voluens?
843 541 925 608 ilinc
939 546 1000 616 est,
1019 537 1180 627 qnedlsoo
1198 538 1272 608 loco

88 648 176 716 illam
207 648 409 732 negotiorum
440 644 697 712 distributionem
727 638 863 712 εἴδωλόν
898 670 931 710 τι
965 645 1024 727 τῆς
1059 639 1272 726 δικαιοσύνης

86 753 250 827 nominat,
281 749 323 816 ob
351 753 433 816 hano
459 753 562 833 ipsam
591 767 718 814 causam
743 747 821 818 utile
843 747 978 827 civitatis
1005 752 1098 834 quod
1118 747 1282 816 iustitiam

86 855 197 942 ipsam
220 853 254 919 in
283 855 388 918 animo
415 873 491 918 vere
518 851 626 919 sedem
644 871 745 918 suam
772 849 892 918 hahere
913 854 1070 918 declarat:
1106 847 1154 918 Τὸ
1176 853 1214 918 δέ
1232 876 1272 938 γε

86 955 238 1039 ἀληθὲς,
267 957 418 1024 τοιοῦτον
438 959 500 1042 μέν
520 981 553 1022 τι
573 942 631 1036 ἧν,
662 949 706 1032 ὡς
734 953 851 1035 ἔοικεν,
879 949 900 1035 ἡ
929 948 1122 1036 δικαιονύνη
1142 979 1174 1023 κ.
1194 974 1222 1022 τ.
1245 955 1272 1024 ἕ.

86 1063 134 1128 Cf.
161 1059 440 1127 Schleiermacbcri
460 1049 578 1138 introd.
600 1058 634 1124 in
654 1057 793 1124 Platonis
813 1077 913 1145 opera
932 1079 964 1146 p.
986 1062 1061 1124 20.:
1089 1059 1202 1126 oOder
1217 1057 1272 1126 die

85 1163 277 1250 cigentliche
298 1166 535 1247 Untcrsnchunp
554 1162 637 1231 wird
659 1163 717 1226 mit
736 1163 826 1226 einer
846 1167 986 1240 andern,
1016 1161 1103 1230 nicht
1125 1163 1187 1232 wie
1210 1165 1271 1228 mil

85 1271 194 1334 ciuem
227 1266 385 1344 Scileier,
418 1269 557 1333 condem
581 1269 643 1333 wie
673 1266 729 1330 mit
761 1267 853 1332 einer
881 1269 1151 1351 anpewachseucn
1182 1267 1270 1332 Haut

84 1369 306 1447 iibarlslcidet,
343 1369 465 1438 welche
486 1372 559 1435 dem
581 1367 894 1446 Unautmerksamen,
917 1368 998 1436 aber
1016 1373 1097 1436 auch
1117 1390 1181 1436 nur
1202 1369 1270 1436 die*

85 1496 170 1551 sem,
203 1475 364 1560 dasjcnige
386 1474 557 1549 serdeckt,
580 1492 657 1546 ‚was
679 1471 856 1555 cigentlich
884 1472 944 1540 soll
966 1472 1160 1550 beehaclrtet
1187 1476 1274 1540 oder

86 1581 250 1665 geiunden
270 1581 426 1654 werden,¹
444 1579 517 1642 dem
538 1573 800 1643 Aulmerlssamen
822 1578 901 1641 aber
921 1597 982 1642 nur
1003 1579 1091 1644 noos
1106 1574 1168 1647 den
1187 1575 1275 1660 sinn

84 1681 142 1749 fiir
173 1681 235 1759 den
270 1683 383 1747 innam
412 1683 686 1764 Zusammenhang
716 1678 836 1746 schirit
862 1682 928 1744 und
956 1679 1115 1746 maort.»
1161 1681 1271 1766 Quum

85 1793 196 1852 autem
217 1787 386 1871 postremis
406 1787 500 1852 huius
520 1782 583 1850 loci
604 1784 711 1849 verbis
731 1781 883 1848 iustitiam
903 1784 1064 1850 inventam
1079 1801 1148 1850 esse
1162 1781 1269 1850 decla·

83 1899 198 1967 retus,
229 1885 287 1957 τὸν
314 1895 374 1975 μὲν
401 1886 530 1954 δίκαιον
557 1890 612 1954 καὶ
639 1882 747 1975 ἄνδρα
766 1890 823 1952 καὶ
838 1881 942 1955 ’πόλιν
961 1890 1018 1952 καὶ
1039 1880 1270 1968 δικαιοσύνην,

85 1989 105 2062 ‘o'
129 1987 283 2080 τυγχάνει
304 1992 338 2058 ἐν
360 1991 476 2068 αὐτοῖς
498 1984 607 2068 ὃνριί
626 1994 750 2082 φαῖμεν
771 1983 959 2080 εὑρηκέναι,
981 1983 1045 2056 οὐκ
1064 1984 1106 2058 ἂν
1126 1983 1213 2058 πάνυ
1235 2014 1269 2058 τι

84 2093 245 2183 δόξαιμεν
264 2089 467 2188 ψεύδεσθαι.
509 2089 572 2160 Μὰ
603 2085 735 2190 Λίνῇνῦ
761 2096 890 2180 μέντοι,
917 2091 991 2185 ἔφη.
1041 2089 1268 2183 Φόμενίἱρας

91 2202 229 2286 ψῶμιν·
250 2196 285 2264 in
305 2220 369 2285 qua
389 2219 426 2264 ro
448 2218 505 2264 sex
523 2195 667 2282 reliquos
687 2199 796 2281 operis
808 2195 909 2265 libros
930 2199 1080 2282 occupari
1100 2203 1274 2283 putemus,²
1329 2237 1331 2242 .

84 2307 112 2370 si
134 2304 288 2372 iustitiam
308 2301 396 2368 Plato
417 2305 610 2386 qsmereret‘t
1263 2354 1267 2362 ,

173 2411 275 2491 Atque
309 2404 469 2470 hocloco
497 2406 622 2470 ridetur
650 2403 862 2472 examinanda
887 2423 958 2472 esse
987 2403 1271 2474 Schleicrmsclscri

84 2514 127 2578 de
150 2512 238 2578 omni
258 2512 318 2574 hac
338 2510 476 2574 iustitiae
491 2527 562 2575 oum
583 2508 617 2572 iu
638 2507 775 2585 civitate,
799 2516 866 2573 tum
880 2510 922 2574 in
942 2507 1140 2593 singulorum
1153 2510 1272 2576 animis

84 2610 292 2701 quaerendae¹
316 2613 440 2678 ratione
466 2611 630 2678 sententia
680 2609 727 2676 cf.
756 2613 872 2678 introd.
900 2634 933 2695 p.
947 2615 1014 2694 aa,
1041 2633 1111 2700 sqq.
1164 2613 1271 2691 Quam

82 2738 165 2786 vere
187 2715 495 2784 Schleicrmacherns
516 2716 756 2799 vituperaturos
771 2717 872 2782 'fucrit
892 2715 1065 2793 Platonem,
1087 2719 1172 2802 quod
1190 2737 1271 2802 qua-

83 2830 164 2888 tuor
187 2820 322 2887 virtutes
348 2819 524 2886 cardinales
551 2838 621 2885 esse
649 2818 717 2884 sine
738 2818 803 2886 nllo
823 2826 1015 2904 argimiemo
1034 2827 1156 2898 sumat,
1182 2823 1213 2886 'si
1233 2819 1270 2888 in

84 2927 215 2992 civitate
241 2928 299 2990 has
324 2923 458 2992 inlutos
484 2943 561 2989 vere
588 2929 788 3008 quaereret„
804 2925 869 2988 iam
896 2944 992 3010 snpra
1014 2924 1264 3001 declaravimus,

84 3031 145 3098 sed
167 3031 332 3095 docuimus
354 3030 461 3105 etiam,
484 3029 648 3116 Platonem
669 3045 745 3094 vere
766 3047 807 3092 ex
828 3026 944 3092 smmis
961 3027 1160 3111 singulorum
1175 3036 1208 3094 et
1225 3048 1268 3096 ex

84 3132 314 3204 tribnsanimi
342 3131 542 3200 facultatibus
567 3135 624 3198 has
652 3140 787 3217 quatuor
812 3133 945 3198 virtutes
965 3137 1135 3218 repetere,
1168 3138 1205 3198 ut
1224 3149 1271 3198 ns*

86 3257 256 3304 nnmerum
278 3235 407 3320 quidem
427 3256 536 3302 caram
558 3256 672 3323 parum
693 3243 768 3320 apte
788 3232 968 3302 definivisse
988 3236 1146 3304 rideatur.
1187 3237 1274 3318 Nam

87 3340 117 3406 si
136 3347 220 3413 tres,
248 3359 308 3406 nec
327 3339 441 3425 plures
456 3341 678 3424 paucioresve,
707 3346 781 3405 sunt
802 3338 900 3404 animi
920 3336 1099 3415 iaculmtes,
1132 3345 1271 3424 quatuor

86 3445 223 3510 virtutes
243 3450 330 3508 recte
351 3441 434 3508 sumi
455 3446 701 3510 concedendum.
746 3444 849 3520 Quam
863 3461 942 3510 roro
957 3443 1270 3511 Schlcicrmacherus

85 3547 163 3614 iniit
181 3546 319 3612 Platonis
339 3544 529 3613 defendendi
550 3546 715 3619 rationem,
740 3565 787 3621 aa,
809 3545 967 3624 luculenta
987 3548 1117 3634 quidem
1138 3567 1198 3634 per
1218 3559 1266 3624 sc,

85 3659 281 3717 tamennon
302 3648 379 3714 illud
401 3648 505 3726 efficit.
529 3658 564 3716 nt
579 3652 717 3736 prudens
731 3647 833 3716 lector
845 3649 924 3716 nihil
935 3650 1106 3718 desideret.
1136 3649 1270 3720 Etiamsi

88 3758 176 3821 enim
198 3760 262 3818 tres
283 3755 400 3818 civium
422 3751 538 3836 classes
560 3751 717 3819 civitatem
740 3774 867 3820 omnem
889 3756 1094 3832 constituunt,
1119 3762 1271 3840 quatuor-

87 3879 152 3944 que
175 3859 326 3924 virtutnm
348 3876 386 3922 ca
406 3856 455 3923 vis
476 3859 525 3932 sit.
547 3864 583 3922 ut
603 3855 760 3923 civitatem
775 3855 890 3924 honam
904 3857 1049 3936 reddant,
1073 3867 1180 3926 tamen
1195 3861 1273 3926 inda

86 3983 154 4028 non
177 3962 337 4046 sequitur,
369 3981 496 4026 omnem
517 3960 582 4026 vim
602 3968 698 4046 atque
719 3963 873 4036 ambitum
894 3964 1020 4028 munim
1041 3961 1206 4030 Platonem
1227 3967 1272 4030 ita

88 4065 386 4153 comprehendisse,
421 4071 476 4130 aut
502 4065 627 4130 virtutis
644 4062 813 4150 ⁴originem
842 4077 930 4134 recte
960 4047 1138 4152 inda'gasse.
1182 4071 1274 4135 Idem

87 4171 174 4234 enim
196 4166 337 4234 efficiunt
357 4175 494 4254 quotuor
515 4170 648 4234 rimatos
670 4191 690 4236 a
710 4167 1015 4247 Schleiermaclsero,
1038 4168 1112 4236 loco
1133 4169 1274 4238 Platonis

86 4291 211 4350 aarum
233 4270 371 4358 positae,
387 4272 561 4358 sapientia,
583 4267 751 4352 fortitudo*
771 4270 970 4362 obsequium,
993 4275 1157 4344 industria.
1193 4276 1275 4341 llam
