3296 5232
509 389 780 464 ·-253-

77 553 116 618 C.
143 550 191 616 St.
215 569 316 634 usquc
341 551 381 614 ad
407 568 438 635 p
461 550 541 626 561,
562 551 599 618 Ε.
622 550 685 627 Sta
717 554 849 632 excepta
871 555 976 632 nmen
996 567 1029 630 p.
1048 548 1129 622 558,
1149 548 1189 616 D.
1214 547 1258 616 St

75 675 95 721 a
127 655 236 720 verca
263 647 387 720 natta
409 637 483 732 aiv,
514 684 556 702 -·
576 687 623 712 -,
639 685 746 700 -κ-
766 687 809 700 -
830 685 872 700 -
895 681 933 694 -
958 672 991 734 p.
1020 653 1102 726 aso,
1140 652 1179 715 n.
1210 649 1255 722 st,

75 751 194 824 Πάλιν
214 755 325 824 τοίνυν
346 780 374 822 κ.
398 779 425 822 r.
448 756 490 835 i,
519 775 582 840 quo
597 785 601 794 ·
614 754 686 822 loco
716 753 906 836 explicatur,
936 774 1014 840 quas
1044 751 1256 835 necessarias,

75 881 161 948 quas
181 879 246 929 non
267 860 460 926 necessarias
484 861 660 945 voluptates
686 855 849 942 intelligat.

123 1023 125 1030 .
165 969 213 1030 lta
244 967 325 1030 hano
359 964 453 1029 etiam
484 964 524 1026 de
552 962 754 1034 democratici
786 961 848 1026 viri
879 959 1002 1045 origiue
1029 966 1126 1046 atque
1151 957 1258 1027 indole

75 1067 341 1152 disputationem,
369 1065 470 1138 alteri.
494 1068 533 1131 de
555 1064 767 1134 democratiae
789 1064 912 1150 origine
932 1072 1026 1150 atque
1048 1071 1169 1144 natura,
1193 1083 1258 1128 am·.

75 1169 150 1239 bitu
169 1173 284 1248 cedere
304 1168 405 1239 rides.
450 1171 706 1255 Deprehenditur
730 1189 807 1236 vero
831 1168 926 1235 etiam
946 1167 1007 1234 hoc
1029 1167 1100 1234 loco
1120 1165 1258 1232 Socratis

76 1273 250 1350 simulatio,
280 1274 405 1358 saepius
425 1273 530 1339 obvia.
575 1273 621 1344 Gt.
643 1295 675 1356 p.
697 1274 769 1346 558,
794 1272 826 1342 C.
848 1279 939 1350 extr..
962 1274 1002 1336 de
1024 1290 1088 1356 quo
1107 1269 1258 1346 loco'iam

76 1377 174 1463 plura
198 1377 352 1443 dicentur.
377 1411 419 1425 -
441 1379 551 1461 Neque
576 1375 764 1441 timocratici
785 1397 888 1464 neque
910 1373 1093 1469 oligarchici
1113 1374 1173 1442 riri
1195 1375 1258 1438 ori·

76 1480 187 1567 §nem
216 1503 256 1545 ex
282 1479 378 1547 animi
402 1483 501 1545 nostri
521 1486 634 1544 natura
661 1477 729 1543 sola
757 1481 924 1563 repetitam
950 1498 1037 1558 esse,
1070 1479 1125 1544 sed
1150 1477 1258 1543 vocari

77 1584 113 1650 in
138 1583 290 1650 auxilium
318 1581 477 1648 civitatum
503 1583 537 1647 in
559 1583 674 1668 quibus
700 1583 835 1648 existant
852 1585 889 1646 ‘hi
913 1581 974 1648 viri
998 1588 1111 1646 statum
1134 1588 1166 1646 et
1183 1601 1259 1646 con·

35 1765 37 1772 y
79 1687 252 1764 ditionem,
284 1707 324 1752 en
345 1684 448 1774 iisque
469 1693 615 1772 tanquam
639 1685 775 1770 exprimi
797 1689 856 1750 hos
872 1687 977 1764 vans,
1002 1687 1066 1748 iam
1088 1691 1180 1750 antea
1202 1685 1259 1748 do·

79 1792 213 1858 culmus.
237 1793 378 1868 ⁴Eodem
407 1793 513 1858 ,modo
543 1809 578 1854 se
613 1809 665 1857 res
696 1787 792 1854 habet
822 1809 893 1853 cum
926 1789 997 1857 viro
1032 1785 1255 1855 democratico.

78 1899 184 1980 Atque
203 1892 307 1958 omnia
332 1895 366 1972 iu
386 1895 436 1958 his
457 1891 644 1958 mirabiliter
669 1890 864 1979 respondero
885 1892 937 1967 iis,
965 1910 1045 1977 quae
1068 1889 1101 1956 in
1125 1891 1259 1955 civitati-

79 1995 140 2064 bus
174 1995 372 2085 eligarchicis
407 2017 445 2060 ac
484 1995 705 2062 democraticis
739 1993 810 2060 fieri
844 1993 985 2070 soleant,
1028 1995 1147 2078 optime
1179 1991 1259 2058 vidit

79 2102 251 2176 Hensdius,
277 2101 372 2186 idque
400 2102 480 2166 adeo
501 2122 542 2166 ex
561 2108 670 2166 nostra
692 2102 731 2164 de
755 2097 869 2184 Operis
889 2095 951 2170 fine
974 2097 1127 2186 sententia
1148 2117 1259 2162 neces·

80 2206 200 2270 mnam
229 2210 300 2268 est<
325 2203 479 2282 Quodsi
507 2224 586 2270 vero
608 2205 683 2289 ¹qnis
708 2202 782 2268 inde
811 2201 989 2278 Platonem,
1023 2223 1120 2286 mum
1142 2200 1258 2267 docere

80 2307 176 2377 vellet
202 2326 283 2392 quae
304 2315 388 2372 esset
408 2306 579 2372 iniustitiae
602 2307 648 2373 vis
674 2315 706 2372 et
726 2314 859 2382 natura,
885 2311 971 2385 recte
992 2307 1131 2391 primum
1152 2308 1192 2370 ad
1215 2303 1259 2370 ci·

80 2411 210 2478 vitatem
236 2410 429 2477 convertisse
451 2431 631 2479 sermonem
653 2416 777 2486 statuat,
800 2415 835 2500 ut
856 2410 963 2476 statuit
984 2407 1153 2487 HeusdiuS,
1179 2427 1260 2492 quon

79 2514 163 2580 niam
185 2517 229 2587 ita
248 2513 362 2582 melius
383 2513 626 2600 perspiceretur,
657 2534 739 2600 qnos
761 2510 891 2580 enectus
910 2512 1063 2576 iniustitia
1084 2509 1118 2576 in
1136 2511 1257 2578 animos

79 2617 245 2684 hominnm
273 2620 424 2694 haberet,
459 2617 485 2682 si
506 2625 765 2702 compararentur
791 2637 863 2682 cum
883 2611 1068 2682 tumultibus
1093 2634 1129 2694 ac
1154 2611 1256 2681 turbis

81 2721 254 2796 civitatum,
278 2720 394 2786 dubins
419 2720 513 2788 animi
539 2728 646 2800 status,
670 2728 702 2786 et
722 2727 789 2786 tum
810 2722 849 2788 ad
871 2717 1019 2784 virtutem
1039 2725 1106 2786 tum
1123 2720 1164 2784 ad
1181 2716 1258 2784 vitia

45 2845 48 2850 ’
78 2823 252 2901 inclinans,
287 2844 358 2892 cum
380 2826 502 2890 nutanti
514 2822 656 2890 'civitatis
685 2830 768 2890 statu
788 2830 820 2891 et
836 2831 906 2889 tum
926 2823 966 2888 ad
985 2823 1172 2906 optimatum
1191 2829 1258 2889 turn

79 2930 119 2994 nd
140 2926 244 3014 plebis
266 2926 435 3015 imperium
458 2927 622 2996 inclinanti
645 2947 749 3018 neque
770 2941 853 3012 una'3
887 2945 947 2993 nos
968 2933 1078 2992 contra
1098 2924 1258 3012 aptissima

79 3030 210 3118 quidem
228 3033 399 3125 Platonem·
412 3031 549 3116 imagine
569 3052 661 3106 usum
685 3052 756 3096 esse
777 3031 997 3106 concedemus,
1019 3065 1062 3078 -
1084 3029 1156 3116 quis
1174 3030 1259 3104 enim

77 3136 114 3200 id
135 3142 189 3201 aut
207 3134 284 3202 velit
300 3141 354 3201 aut
366 3137 469 3219 possit
486 3140 627 3220 negaret
642 3171 685 3184 -
700 3137 767 3210 sed,
791 3155 889 3220 quum
910 3134 1026 3218 imago,
1048 3134 1109 3214 nisi
1131 3129 1259 3216 cognita

76 3258 126 3314 re,
154 3238 233 3304 nihil
256 3239 350 3304 faciat
376 3236 417 3304 ad
443 3259 512 3305 rem
532 3258 607 3304 vere
627 3238 864 3326 inveniendam,
886 3244 917 3302 et
938 3234 1132 3304 omnendeo
1155 3234 1257 3318 similo

78 3341 245 3418 claudicet,
272 3349 308 3407 ut
327 3348 375 3406 est
393 3338 628 3430 inlprorerbio,
656 3343 873 3429 quaestionem
887 3341 1009 3407 ratione
1023 3337 1117 3424 plane
1131 3342 1258 3406 inversa

76 3443 303 3512 instituendam
325 3445 424 3510 luisse
450 3452 634 3521 statuemus,
659 3446 687 3510 si
709 3445 748 3512 ad
770 3446 954 3512 iniustitiam
980 3449 1012 3511 et
1031 3442 1165 3533 ethicam
1189 3463 1258 3509 om-

76 3547 156 3614 nino
184 3547 321 3616 Platonis
351 3568 456 3614 sermo
481 3547 653 3634 praecipue
682 3549 850 3634 pertineat.
894 3549 942 3614 Cf.
976 3539 1152 3624 Heusdium
1178 3544 1203 3610 l.
1230 3543 1254 3613 l.

75 3671 112 3737 p.
139 3653 213 3716 156.
259 3654 379 3730 «Quod
402 3650 549 3728 diximus,
571 3650 706 3719 ethicam
728 3654 857 3738 proprie
879 3649 1036 3717 contineri
1056 3648 1168 3716 Politia
1187 3649 1258 3715 Pla-

76 3754 180 3830 tonis,
211 3753 305 3820 talem
333 3763 438 3820 autem
463 3755 550 3820 illam
575 3775 672 3830 esse,
689 3756 813 3839 qualem
840 3757 925 3839 apud
943 3752 1025 3846 'alios
1051 3752 1257 3838 philosophos

76 3855 165 3925 hand
186 3857 277 3924 facile
303 3857 454 3942 reperias,
479 3858 525 3936 id,
553 3859 586 3924 ni
607 3855 708 3932 fallor,
730 3855 873 3941 legendis
897 3856 946 3924 lris
969 3853 1115 3923 omnibus
1133 3858 1259 3926 ‚anime

77 3980 143 4046 que
156 3960 342 4038 recolendis,
366 3956 566 4042 verissimum
587 3959 680 4026 nobis
698 3957 868 4028 videbitur.
905 3962 992 4057 'Quis
1012 3962 1097 4026 enim
1116 3979 1258 4052 unquam

77 4063 215 4130 similem
239 4063 274 4134 in
295 4063 423 4132 modum
449 4069 488 4132 ad
511 4065 674 4152 civitatum
697 4062 836 4150 effigiem
863 4072 970 4133 mores
994 4063 1157 4133 hominum
1181 4051 1257 4130 exc·

78 4167 146 4253 gitt
183 4167 236 4244 Sic
266 4174 370 4234 nutem
399 4167 504 4236 effecit
526 4167 600 4245 ille,
633 4176 683 4245 ut,
715 4170 802 4254 quod
828 4169 861 4234 in
896 4166 1072 4236 civintihus
1101 4167 1256 4253 corruptis

77 4271 221 4358 omnium
237 4271 270 4340 in
285 4271 392 4340 oculos
412 4272 557 4353 incurrit,
580 4270 666 4347 idem
686 4270 720 4341 in
741 4273 847 4342 ammo
861 4271 1008 4362 hominis,
1031 4270 1146 4366 uhiad
1165 4271 1257 4358 peio-
