3296 5232
560 401 790 469 ...255-

67 564 174 630 etiem
197 561 259 630 elie
279 561 333 630 ria
353 581 454 646 aeque
476 559 642 647 perspicue
663 559 790 637 dooere
814 557 998 642 intelligitur
1012 577 1053 626 ox
1066 556 1162 627 suni
1175 555 1255 627 irne-

68 667 170 751 gine,
199 682 297 753 mam
323 666 407 734 libro
437 684 579 749 nonop
603 661 1255 748 588,C.rqq,exnihuit.1demvalet

69 774 116 836 de
144 769 244 836 animi
266 766 528 844 dubitationibus,
563 766 621 835 uni
642 765 776 837 diuerfis
797 767 933 914 agitatur
954 763 1077 833 studiis.
1124 761 1170 830 Cf.
1195 762 1252 834 lib.

68 875 286 962 Νηρὶιῐιθ.

414 1215 417 1221 ·
529 1196 801 1264 81011081.

161 1413 229 1477 lam
243 1413 283 1476 de
297 1407 463 1496 tyrannide
477 1424 582 1476 sermo
597 1407 714 1474 oritur·
740 1401 791 1472 ‘H
807 1405 965 1486 καλλίστη
987 1401 1040 1486 δὴ,
1064 1391 1105 1486 ἦν
1125 1399 1156 1472 δ’
1180 1397 1251 1492 ἐγὼ,

68 1515 223 1583 πολιτεία
244 1537 278 1580 ce
301 1519 356 1580 καὶ
379 1509 397 1579 6
420 1508 637 1591 κάλλιοτος’
618 1509 701 1599 ανὴρ
724 1505 868 1576 λοιπὰ
846 1531 888 1576 αι
909 1503 987 1594 ἡμῖν
1016 1509 1064 1590 εἴη
1093 1510 1252 1586 διελθεῖν,

68 1619 228 1710 τυραννίς
249 1641 284 1685 τε
306 1623 360 1684 καὶ
383 1613 550 1704 τύραννος.
555 1609 777 1708 Κομιὸᾔγ,
799 1612 875 1733 ἔφη.
925 1615 1010 1702 Φέρε
1031 1609 1082 1692 δὴ,
1104 1613 1153 1690 τίς
1175 1607 1253 1701 τρὸ

68 1745 137 1800 onoc
157 1719 404 1812 τυρανιίὸος,’
384 1739 409 1787 ’ω
431 1721 544 1813 φίλε
528 1724 645 1807 accipe,
669 1719 831 1804 μίμνεταις
854 1706 988 1800 ὅτιμὲν
1008 1711 1071 1803 γὰρ
1094 1717 1128 1781 ἐκ
1150 1717 1253 1801 δημο-

69 1825 214 1916 κρατίας
240 1819 455 1948 μεταβάλλει
485 1817 600 1912 σχεδὸν
628 1823 737 1919 δῆλοι.
784 1819 902 1900 Δῆλον.
940 1813 1010 1908 Αρ
1041 1806 1100 1886 οὖν
1128 1815 1253 1908 τρόπον

70 1927 149 1996 τινὰ
178 1925 236 1997 τὸν
265 1924 368 1995 αὐτὸν
397 1927 431 1992 ἔκ
460 1951 494 1994 τι
525 1922 718 2016 ὀλιγαρχίας
747 1922 953 2011 δημοκρατία
975 1922 1118 2008 γίγνεται
1139 1927 1203 1987 καὶ
1218 1923 1253 1987 lu

70 2031 299 2122 δημοκρατίας
327 2031 496 2121 τοροννίςς
535 2030 632 2106 1169,-
666 2048 701 2110 p.
731 2029 813 2102 562,
846 2029 884 2090 Α.
919 2027 965 2090 St.
1017 2023 1064 2090 Cf.
1096 2027 1196 2090 adali
1226 2024 1249 2090 l.

71 2134 261 2201 Schneideri
283 2133 536 2200 adnotationem:
571 2132 802 2216 «γίγνεται,
823 2127 947 2214 prodit,
972 2127 1196 2215 quaerentibus
1218 2149 1252 2194 re

70 2239 176 2314 oilcrt,
199 2259 280 2325 quae
303 2235 489 2321 significatio
510 2233 601 2301 verbi
617 2233 729 2299 similis
742 2232 789 2298 illi
804 2239 871 2306 cst,⁴
883 2253 946 2318 qua
956 2231 1139 2315 praeditum
1155 2229 1250 2298 aiem

70 2363 146 2409 oum
167 2339 319 2408 adverbio
341 2341 481 2406 construi
502 2340 638 2405 vidimus
658 2335 729 2403 Vol.
752 2339 781 2400 1.
803 2355 835 2419 p.
851 2335 890 2398 81
929 2354 958 2399 a.
1002 2338 1072 2402 Hoc
1085 2355 1164 2402 vero
1179 2335 1251 2402 loco

70 2447 159 2513 salva
181 2445 355 2512 sententiae
375 2463 497 2511 summa
516 2443 568 2508 vel
590 2440 745 2532 φαίνεται
765 2437 817 2503 vel
838 2429 910 2504 ieci
927 2457 987 2522 pro
1009 2440 1153 2525 μλγιιιαι
1173 2434 1253 2524 poni

69 2556 209 2638 poterat.
255 2552 334 2614 Item
362 2547 417 2613 lils.
449 2547 502 2611 lll.
524 2565 554 2634 p.
576 2548 657 2620 tto,
689 2544 725 2607 C.
757 2549 789 2606 et
816 2544 1002 2628 Euthydem.
1030 2559 1064 2629 p.
1095 2543 1176 2621 898,
1210 2539 1247 2608 ni

70 2652 164 2714 Hane
189 2639 291 2733 ipsam
319 2653 424 2712 antem
455 2647 642 2712 sententiam
668 2644 994 2723 Sohleiermacherue‚
1018 2665 1124 2732 *quum
1145 2648 1178 2712 in
1199 2667 1251 2712 se-

71 2751 243 2838 quentibus
265 2771 330 2817 non
344 2750 391 2817 de
412 2749 520 2816 indole
539 2757 570 2816 et
592 2748 791 2826 conditione,
822 2752 878 2815 sed
905 2753 947 2815 de
976 2753 1100 2834 origine
1121 2759 1153 2818 ei
1173 2771 1250 2835 pro·

71 2875 185 2941 gressu
206 2854 380 2944 tyrannidis
402 2863 529 2938 agatur,
560 2855 700 2938 ineptam
721 2853 882 2920 existimat
899 2861 932 2918 et
951 2857 1119 2921 lectionem
1140 2873 1251 2922 curru*

69 2968 161 3045 ptam
189 2958 375 3045 suspicatur.
428 2957 545 3035 Quidni
575 2957 737 3023 Socratem
764 2964 956 3034 statuamus,
986 2953 1250 3043 quemadmodum

70 3083 170 3150 supra
190 3082 224 3148 p.
248 3063 320 3136 558,
344 3061 379 3125 G.
402 3062 527 3126 inviro
551 3064 769 3137 democratioo,
792 3059 976 3146 prinsquam
999 3064 1039 3128 de
1061 3070 1134 3128 ortu
1152 3063 1250 3128 diris-

70 3173 137 3246 set,
168 3167 272 3231 satim
300 3163 408 3230 indole
436 3172 563 3250 arrepta
588 3169 672 3232 hanc
693 3163 908 3252 quaestionem
929 3164 1148 3252 proposuisse,
1181 3174 1249 3230 tum

69 3268 313 3356 praetermissae
343 3267 477 3352 originis
504 3267 718 3335 recordatumv
732 3264 869 3354 primum
891 3286 961 3334 cam
983 3267 1073 3354 qnasi
1093 3267 1131 3335 in'
1148 3276 1250 3335 trans·

70 3393 169 3439 cursu
192 3372 309 3458 qnippe
329 3388 389 3458 per
410 3389 443 3437 se
466 3370 564 3465 cuivis
586 3380 692 3438 notam
715 3373 863 3457 attigisse,
891 3371 1007 3439 deinde
1027 3372 1121 3456 plene
1143 3379 1175 3438 et
1193 3369 1250 3438 'eo-¹

69 3479 175 3562 piosa,
198 3483 234 3539 ut
254 3496 313 3561 par
334 3481 402 3540 erat
424 3473 635 3559 explicuisset
664 3480 798 3542 Prorsus
819 3475 931 3542 eodem
954 3479 1052 3542 modo
1072 3478 1137 3562 agit
1157 3479 1194 3542 L.
1209 3481 1247 3544 V.

68 3599 105 3667 p.
129 3582 202 3654 486,
224 3581 263 3643 Ι).
288 3579 322 3644 in
343 3578 456 3662 longae
478 3564 702 3661 disputationis
721 3582 866 3665 ingressu
887 3582 966 3648 haec
986 3579 1119 3666 pauenda
1137 3577 1248 3646 defun·
1273 3631 1281 3650 .

69 3685 175 3770 gentis
186 3681 285 3748 instar
295 3681 413 3748 iaciens
427 3704 434 3745 :
454 3687 526 3772 περὶ
540 3679 674 3771 μὲνγὰρ
687 3683 750 3749 τῶν
764 3685 797 3748 ἐν
810 3684 857 3774 τῷ
869 3685 1009 3775 πολέμῳ,
1025 3674 1132 3770 οἶμαι,
1147 3684 1248 3765 δῆλον

70 3781 111 3852 ὃν
133 3782 257 3876 τρόπον
277 3780 402 3873 αολεμὴ
404 3807 510 3853 coece.
554 3790 619 3852 Neo
639 3785 824 3873 quiequam
820 3751 934 3904 6ptins
955 3786 995 3852 ad
1015 3786 1110 3854 talem
1130 3807 1248 3855 nerum

67 3887 321 3978 particulispiv
303 3886 430 3978 ιηὰρ,
463 3889 515 3956 iila
542 3888 755 3956 diversitatem
777 3888 827 3955 rei
846 3887 910 3954 iam
931 3895 1246 3970 commemorandae,

68 3998 132 4060 hac
159 3993 332 4070 rationem,
367 4014 425 4059 cur
455 4012 519 4060 non
551 3993 639 4077 prius
661 4000 904 4060 commemorata
931 3997 986 4068 sit,
1020 3993 1246 4062 ostendente.»

69 4099 172 4164 Acuta
201 4096 411 4163 Schneiderus
439 4097 500 4164 nisi
526 4101 613 4184 quod
642 4117 769 4164 causam
794 4092 888 4162 huius
908 4096 1132 4182 negligentiae,
1165 4115 1247 4185 qnae

70 4203 216 4286 speciosa
237 4207 366 4266 tantum·
379 4205 550 4286 estneqne
572 4219 672 4276 ueras·
694 4219 759 4268 non
780 4199 942 4271 indicauit.
983 4203 1030 4268 lta
1053 4203 1168 4274 dixisse
1188 4219 1248 4288 pus

71 4308 188 4378 tandm
202 4311 250 4372 ost
264 4305 408 4371 Socrates
423 4318 493 4373 eam
508 4301 550 4372 ob
564 4323 708 4384 caueam,
732 4313 768 4372 ut
785 4323 963 4392 properare
982 4309 1108 4374 videtur
1121 4301 1162 4374 ad
1176 4321 1247 4400 earn
