3312 5238
559 415 792 480 -110-

81 573 309 642 definitionem.
353 569 398 640 Cl.
420 570 538 640 introd.
561 573 584 640 l.
607 573 629 640 l.
672 575 762 640 Hunc
789 579 895 642 tamen
919 591 1028 644 veram
1049 593 1176 644 causum
1197 592 1262 646 non

81 699 152 744 esse
185 676 380 748 docebimus.
400 711 442 729 -
465 679 528 742 Sed
560 676 784 762 expendantur
810 681 950 762 singula:
969 683 1053 748 lam
1083 679 1123 748 ab
1152 681 1260 760 inltio,
1326 697 1330 704 '

80 805 181 869 quum
203 781 361 848 civitatem
389 788 550 848 exstruere
572 781 765 865 coepissent,
800 784 949 848 iustitiam
971 803 1006 862 se
1027 786 1166 852 tenuisse
1188 783 1265 855 dicit

81 891 253 960 Socrates,
283 889 316 949 b.
347 899 381 950 e:
405 884 557 956 iustitiam
583 886 648 950 iam
674 885 764 951 initio
794 887 951 970 cognitam
979 886 1077 954 luisse
1099 896 1130 954 et
1150 891 1264 956 funda·

79 996 225 1056 mentum
253 992 333 1054 adeo
355 988 456 1054 omnis
478 992 540 1054 hnc
560 1007 661 1074 usquo
683 987 809 1056 deducti
831 992 986 1056 sermonis
1008 989 1121 1059 luisse.
1150 986 1176 1058 ὃ.
1196 989 1261 1085 γὰρ

80 1093 115 1174 ἐξ
134 1088 240 1179 ἀρχῆς
261 1093 420 1178 ἐθέμεθα
435 1093 501 1158 δεῖν
522 1095 627 1158 ποιεῖν
649 1086 860 1172 deducturos,
881 1084 936 1158 dre
958 1090 1017 1175 τὴν
1038 1089 1135 1162 πόλιν
1156 1119 1263 1188 κατῳ-

80 1197 223 1281 κίζομεν,
245 1189 345 1262 τοῦτό
368 1196 471 1274 ἐστιν,
494 1188 537 1272 ὡς
558 1195 628 1283 ἐμοὶ
651 1197 749 1271 δοκεῖ,
772 1191 848 1276 ἤτοι
868 1191 988 1263 τούτου
1011 1221 1042 1263 τι
1062 1188 1148 1278 εἶδος
1168 1195 1190 1282 ἡ
1212 1201 1265 1266 cu-

80 1293 255 1379 καιοούνη.
290 1299 379 1374 Quae
394 1298 422 1362 si
436 1317 513 1364 vers
526 1304 600 1364 sunt
608 1340 617 1374 ,
644 1319 707 1364 non
727 1300 883 1383 quaesivit
898 1301 1040 1366 Socrates
1055 1303 1088 1370 iu
1101 1301 1263 1389 prioribus

79 1402 246 1468 iustitiam.
261 1435 304 1450 -
317 1400 460 1470 Iustitiae
478 1421 556 1466 vero
575 1422 671 1487 quam
688 1402 836 1468 hocloco
853 1400 1006 1470 babemus
1021 1404 1174 1483 definitio,
1197 1427 1264 1474 uon

81 1505 218 1590 cognitis
229 1513 321 1571 antea
333 1504 464 1590 reliquis
478 1502 659 1583 virtutibus,
682 1505 821 1572 iustitiae
837 1525 944 1572 veram
956 1513 1173 1576 naturamnon
1184 1523 1279 1595 upe'e¹

79 1611 132 1676 rit.
166 1615 207 1677 nt
221 1629 296 1676 vero
311 1607 450 1693 reliquas
464 1610 596 1674 virtutes
609 1617 697 1675 recte
710 1609 881 1692 explicatas
901 1631 964 1678 non
980 1631 1049 1678 osse
1064 1617 1262 1680 demonstra·

79 1713 197 1781 umus.
221 1714 330 1799 Itaque
341 1713 477 1778 iustitiae
491 1733 566 1778 vera
575 1719 687 1778 natura
701 1715 827 1780 inventa
841 1721 972 1780 nonest
994 1717 1041 1782 Ac
1053 1716 1158 1800 possis
1172 1725 1261 1784 recte

79 1820 112 1882 in
134 1821 220 1882 bano
237 1815 374 1882 iustitiae
397 1815 612 1882 definitionem
634 1820 768 1883 eandem
788 1815 1072 1904 reprehensionem
1099 1822 1260 1896 adhibere,

80 1943 144 2006 qun
171 1923 319 1988 Socrates
345 1921 452 2006 primo
479 1918 561 1986 libro
583 1920 753 1986 Simonidis
783 1919 928 1996 clintum,
957 1941 1027 1987 esse
1048 1924 1199 1992 iustitiam
1221 1921 1260 1992 τὸ

80 2022 122 2090 τὰ
156 2018 358 2115 ὀφειλόμενα
391 2018 517 2114 desdorp
550 2018 765 2100 ἀποδιδόναι,
803 2023 1028 2108 exagitaverat.
1073 2029 1110 2092 Id
1142 2027 1260 2095 vidisse

78 2129 184 2216 ipsum
207 2129 369 2193 Socratem
389 2134 543 2194 testantur
561 2131 655 2193 haec:
680 2119 732 2194 ὅτι
754 2129 904 2214 ἐλέγομεν
925 2123 1049 2214 τρόπον
1069 2127 1145 2198 τινὰ
1167 2125 1261 2198 αὐτό·

8 2277 9 2284 ι
80 2240 111 2297 et
132 2225 234 2298 τοῦτό
256 2232 359 2310 ἔστιν,
390 2225 435 2308 ὡς
456 2231 528 2316 ἐμοὶ
549 2232 641 2298 δοκεῖ
645 2282 652 2312 ,
682 2227 757 2312 ἤτοι
778 2225 899 2298 τούτου
920 2257 953 2298 τι
975 2223 1103 2316 addere}
1132 2237 1262 2303 δικαιο·

80 2330 176 2416 ούνη·
206 2339 238 2398 et
254 2334 356 2400 τοῦτο
378 2334 504 2410 τοίνυν,
533 2320 574 2415 ἦν
601 2329 632 2400 δ’
662 2331 739 2421 ἐγὼ,
768 2321 906 2426 simite,
932 2332 1108 2404 κινδυνεύει
1135 2333 1262 2428 τρόπον

79 2434 153 2504 τινὰ
186 2431 384 2523 γεγνόμενον
410 2431 431 2517 ἡ
464 2431 657 2519 δικαιοσύνη
685 2428 784 2519 εἶναι,
819 2435 858 2504 τὸ
886 2433 930 2504 τὰ
957 2432 1065 2505 αὐτοῦ’
1089 2434 1258 2528 πράττειν.

79 2546 158 2606 Nam
183 2561 337 2628 quaerere
359 2560 434 2606 sane
456 2542 530 2605 licet
551 2541 624 2607 τίνα
646 2535 790 2630 τρόπονῒ
828 2541 1082 2628 Curprueterea,
1106 2545 1133 2608 si
1155 2539 1193 2610 rb
1215 2541 1258 2612 τὰ

8 2661 9 2668 ’
81 2641 186 2713 αὑτοῦ
207 2639 364 2734 πράττειν
383 2664 444 2728 per
464 2665 499 2710 se
520 2643 623 2710 solum
645 2663 754 2709 voram
774 2642 931 2721 institiae,
955 2645 1260 2731 quamquaerebat,

80 2757 227 2816 naturam
248 2750 404 2834 aperiret,
428 2749 560 2835 eiusque
579 2749 628 2812 rei
651 2749 769 2814 mentio
790 2755 853 2814 tom
876 2737 971 2835 saepe
992 2757 1181 2827 recurreret,
1203 2749 1258 2817 lib.

79 2856 120 2918 11.
144 2873 180 2938 p.
205 2855 277 2916 370.
299 2854 335 2918 B.
358 2853 435 2928 374,
456 2855 492 2916 A.
515 2853 577 2928 III,
601 2852 680 2928 394,
710 2853 747 2919 E.
770 2855 843 2918 397.
866 2852 901 2916 C.
925 2855 980 2928 lv,
1009 2857 1092 2930 420,
1120 2858 1160 2924 D.
1183 2855 1258 2932 d23,

81 2958 113 3022 G.
137 2960 177 3022 D.
201 2953 318 3024 lectum
346 2961 509 3042 putemus,
538 2957 624 3040 quod
646 2957 680 3020 in
700 2956 862 3040 prioribus
883 2975 924 3022 ne
944 2953 1044 3024 verbo
1067 2956 1196 3044 quidem
1217 2962 1261 3024 si-

79 3059 264 3144 gnificatum
285 3061 334 3135 sit,
356 3062 418 3124 hoc
438 3059 786 3143 praecepto-contineri
806 3059 942 3126 institiae
962 3062 1027 3128 mm
1045 3071 1076 3128 et
1090 3069 1260 3130 naturam?

78 3167 127 3230 An
149 3161 185 3229 id
207 3163 370 3228 Socratem
391 3169 482 3228 antea
503 3164 690 3239 nescivisse,
717 3184 801 3228 nunc
822 3161 949 3230 demum
972 3165 1061 3249 quasi
1082 3187 1158 3232 casu
1179 3187 1261 3251 quo·

79 3266 152 3334 dam
181 3265 299 3332 vidisse
326 3271 520 3332 statuamus?
563 3265 658 3342 Quod
689 3265 717 3332 si
743 3265 831 3332 dicas
855 3269 889 3332 id
915 3267 1033 3334 lactum
1060 3267 1133 3335 ideo
1163 3291 1256 3348 osse,

79 3372 155 3458 quia
188 3378 281 3435 antea
311 3368 444 3453 intelligi
475 3371 616 3434 nondum
647 3371 789 3452 potuerit
820 3391 897 3436 vera
929 3389 1025 3440 mens·
1039 3373 1133 3438 buius
1153 3373 1257 3452 effati,

78 3495 162 3560 quae
181 3491 268 3540 'nunc
287 3472 329 3538 sit
351 3475 501 3557 apertior,
523 3469 624 3538 tribus
644 3471 813 3540 virtutibus
835 3479 1062 3559 quadamtenus
1084 3477 1257 3563 explicatis,

77 3599 149 3644 eam
182 3593 232 3642 ue·
256 3595 340 3642 nunc
367 3579 496 3661 quidem
524 3574 617 3660 plane
645 3575 777 3662 intelligi
803 3578 1084 3663 respondebimus,
1117 3585 1259 3648 nondum

76 3679 278 3765 repetita‘ex
300 3682 404 3744 animo
426 3678 512 3746 omni
532 3699 580 3750 re.
623 3682 741 3756 Porro,
765 3681 826 3748 nisi
846 3703 899 3748 res
919 3683 962 3748 ita
975 3683 1121 3762 haberet,
1146 3703 1259 3769 quem·-

77 3787 253 3852 admodum
274 3803 332 3850 nos
353 3783 513 3858 volumus,
536 3787 568 3850 b.
593 3804 622 3848 e.
647 3783 706 3850 uisi
727 3783 815 3850 Plato
837 3785 1008 3872 perfectam
1029 3787 1259 3872 rempublicam

78 3887 242 3964 conderet,
267 3888 416 3954 iustitiam
439 3909 473 3953 se
494 3907 650 3974 quaerere
665 3887 837 3966 simularet,
860 3891 914 3980 qui
928 3889 997 3956 lieri
1012 3894 1151 3977 potuisse
1167 3899 1259 3978 pute·

77 3995 170 4068 mus',
200 3999 238 4058 ut
263 3991 347 4058 forte
377 3999 471 4077 atque
499 4011 574 4058 casu
595 3991 710 4058 omnia
739 3992 873 4058 civitatis
902 3993 1044 4060 instituta
1071 4016 1111 4060 ex
1139 3996 1260 4066 iustitia

76 4105 229 4181 tanquam
262 4117 306 4160 cn
341 4115 409 4163 ore¹
431 4096 537 4182 aliquo
563 4094 987 4185 imagoexprimerentur‘l·
1017 4097 1135 4164 Callidc
1162 4099 1260 4183 igitur

79 4206 226 4268 Socrates
247 4197 307 4264 hac
328 4207 459 4265 externa
480 4201 568 4285 quasi
589 4207 664 4266 nota
684 4199 822 4266 iustitiae
843 4220 920 4266 nors
941 4208 998 4277 est,
1019 4209 1055 4266 ut
1068 4200 1258 4268 definitionis

78 4307 208 4391 specie,
236 4323 299 4389 qna
318 4305 442 4371 interna
463 4303 599 4378 iustitiae
620 4311 733 4372 natura
753 4325 818 4372 non
840 4307 984 4392 aperitur
1003 4304 1091 4374 sallat
1111 4306 1257 4384 lectores,
