3298 5232
70 556 215 638 putavit3
234 553 296 626 -os
313 551 519 638 eandemque
550 573 676 622 cauom
706 554 740 622 in
765 554 912 627 Timaeo,
949 550 1249 637 insonantem

67 657 264 745 principium
281 660 477 726 redeundum
505 665 582 731 erat,
608 655 712 724 adhue
732 655 862 724 bravus
880 654 1052 740 disputavit
1075 659 1115 722 da
1137 655 1249 723 iisdem

68 759 186 838 rebus,
220 763 295 846 quia
315 764 384 830 hio·
379 759 537 844 dialogus
557 768 785 844 praenossent

159 865 231 935 Istis
252 865 331 933 solvi
350 872 496 950 putamus
514 884 545 949 p
568 865 802 931 esionae
816 863 1116 933 Sahlaiermaolseso
1136 805 1176 930 de
1187 861 1249 930 lae

69 989 109 1035 ae
132 975 234 1034 motas
255 966 478 1040 dubitationes.
523 969 603 1035 Nam
629 965 936 1036 Selaleiesnsaeherus
956 966 1009 1033 ita
1016 967 1117 1037 diois:
1144 968 1250 1034 «Eiet

69 1093 140 1141 nan
164 1070 246 1141 wird
269 1074 320 1138 die
345 1074 421 1137 Idea
443 1069 499 1137 des
526 1073 630 1138 Guteu
654 1068 700 1142 als
722 1069 780 1137 der
802 1069 934 1139 noenta
960 1072 1159 1156 Gegenstaud
1177 1076 1251 1138 das-

72 1174 211 1260 gestella
241 1177 394 1250 walchem
423 1176 479 1260 das
506 1175 885 1259 Erkeantnisssermdflen
909 1173 967 1241 des
988 1177 1159 1242 Measehen
1182 1177 1250 1241 siah

72 1281 248 1349 auweuden
269 1281 374 1353 laum
404 1277 506 1370 leider
524 1275 647 1350 lreiliels
672 1297 709 1344 so
733 1277 779 1344 als
803 1276 846 1346 ob
867 1281 946 1344 auola
968 1280 1025 1345 die
1040 1281 1112 1344 hier
1133 1282 1251 1348 bestie-

74 1403 149 1450 sene
179 1380 291 1468 gewiss
320 1381 407 1451 nieht
433 1380 541 1466 h'aufig
566 1379 801 1456 anauneffende
827 1379 1058 1449 Meisterschaft
1083 1382 1119 1448 in
1140 1402 1250 1468 spone

73 1487 188 1554 lativer
219 1485 420 1569 Dasstellung
455 1505 496 1550 au
528 1471 644 1556 diesen
672 1483 871 1569 Geganstand
907 1488 993 1552 nieht
1027 1486 1249 1567 hinauseiohe;

74 1595 213 1656 sondern
244 1588 297 1656 die
330 1586 567 1672 belriedigende
599 1590 806 1672 Bahandlung
833 1586 998 1654 desselben
1027 1588 1108 1656 wird
1135 1611 1175 1656 au
1200 1589 1251 1656 iels

74 1695 169 1763 weiss
193 1694 280 1759 nictu
303 1707 367 1762 was
392 1693 446 1756 fiir
468 1693 561 1756 einen
582 1695 666 1762 neela
684 1691 761 1763 weit
777 1690 992 1759 hesrliehereu
1006 1695 1063 1758 Ort
1078 1694 1249 1780 gewiesan,

74 1800 144 1864 hier
172 1793 250 1865 aber
276 1799 332 1868 das
360 1799 439 1864 Gute
464 1817 525 1868 aua
545 1796 578 1861 in
600 1797 730 1861 Bildesu
749 1797 814 1862 und
841 1799 941 1862 duaels
964 1796 1093 1862 weltere
1113 1796 1251 1870 Aualiila-

75 1922 158 1986 sung
180 1898 346 1969 bildlioher
365 1893 462 1974 Reda,
492 1898 538 1967 als
564 1899 615 1963 die
638 1898 749 1978 Quelle
771 1897 850 1966 aller
868 1899 1076 1966 ennemase
1093 1903 1159 1967 und
1175 1899 1251 1966 dles

76 2007 184 2079 Seius.
212 2003 279 2073 also
304 2002 385 2072 auch
407 2000 489 2070 ebes
516 1999 625 2068 beidas
651 2001 793 2087 gestellt,
822 2003 881 2068 aul
900 2005 961 2069 das
986 2003 1175 2070 herrliolsste
1194 2025 1250 2088 ge·

75 2107 237 2195 priesenn
281 2108 367 2172 Nam·
385 2108 431 2174 de.
451 2105 499 2175 his
524 2104 626 2172 multo
650 2105 742 2172 aliter
767 2109 972 2182 statuendum,
994 2115 1059 2184 est,
1090 2110 1118 2174 si
1140 2127 1252 2176 vesunt

75 2220 141 2289 est,
173 2213 258 2298 quod
284 2207 548 2276 demonstravisse
577 2206 669 2276 uobis
704 2209 869 2285 videmur,
906 2210 1062 2278 hocloco
1090 2211 1251 2278 Platonem

75 2315 151 2382 satis
178 2315 327 2380 hahuisse
349 2314 392 2379 ita
414 2333 451 2380 ea
474 2312 514 2379 de
538 2333 576 2380 re
600 2311 773 2398 disputare,
798 2322 834 2380 ut
858 2311 1003 2380 sufficere
1027 2314 1190 2383 videretur
1203 2317 1252 2380 ad

75 2416 301 2506 absoluendam
318 2416 452 2490 civitatis
466 2417 626 2500 perfectae
641 2417 897 2504 desariptiouem.
926 2421 1140 2486 Fundamenta
1154 2420 1253 2503 igitur

75 2525 109 2590 iu
126 2521 244 2608 quino
259 2519 539 2594 Selsleiermaeheri
556 2519 710 2589 sententia
723 2521 844 2597 uetus,
875 2521 972 2588 multa
994 2543 1014 2586 a
1030 2522 1153 2607 dialogi
1175 2543 1252 2588 veno

75 2626 139 2694 fine
163 2625 265 2695 aliena
278 2626 360 2697 ,huie
384 2625 474 2710 operi
494 2624 643 2691 immista.
657 2644 727 2692 esse
752 2626 901 2708 putante,
930 2627 1062 2692 subduci
1085 2624 1187 2703 vides,
1209 2657 1253 2684 ...-

75 2749 152 2796 uam
172 2751 220 2806 ¹no
245 2727 285 2800 ds
310 2728 404 2795 tantis
430 2727 559 2813 quidem
585 2730 702 2804 νοναε,
719 2790 722 2798 ,
740 2748 821 2815 quae
836 2728 1022 2804 >si-institia
1046 2738 1253 2818 οιισεεεεοίιιν

76 2834 127 2901 vel
151 2832 386 2900 accuratissime
411 2831 615 2920 explicandae
634 2830 777 2906 suunt,
806 2829 846 2898 ol.
868 2830 924 2899 lib.
948 2836 1002 2901 Vl.
1025 2833 1098 2909 set,
1119 2837 1250 2919 Βεεῃ.

76 2946 109 3006 et
138 2939 195 3005 lib.
222 2935 278 3002 IV.
305 2957 337 3023 p.
359 2939 438 3014 435,
469 2940 508 3005 D.
533 2939 595 3014 St,
624 2935 786 3003 Platonem
810 2934 1003 3004 ssufioenter
1023 2937 1126 3024 egisse
1149 2939 1253 3005 videri

78 3042 284 3132 conqueritur
304 3075 347 3093 -
367 3047 400 3108 et
416 3059 507 3114 omne
521 3037 700 3108 aedificium
714 3038 753 3105 iis
765 3027 947 3123 impositum
962 3041 1135 3128 εοΙΙαρεονι
1147 3063 1251 3109 εοεαε.

163 3147 354 3230 Pergamus·
381 3137 770 3230 Aaouoleyoou'neeo'ay’‚
794 3143 877 3236 ἔφην
896 3140 967 3230 ἐγὼ,
989 3150 1045 3212 καὶ
1059 3140 1254 3234 ἀναμνήσας

76 3245 164 3338 ὑμᾶς
186 3244 228 3316 τά
250 3265 283 3314 τε
305 3249 339 3320 έν
360 3250 430 3324 τοῖς
450 3245 643 3346 ἔμπροσθεν
664 3247 814 3336 ῥηθέντα
835 3253 893 3314 καὶ
912 3244 1031 3316 ἄλλοτε
1052 3245 1114 3330 ἤδη
1128 3244 1254 3316 πολλοὶ

77 3379 129 3432 asc
152 3348 317 3442 εἰρημένα.
367 3346 418 3416 Τὰ
443 3354 542 3431 ποῖα,
563 3347 590 3431 ἠ
613 3345 691 3446 dM
681 3342 731 3428 όν
775 3348 895 3418 Πολλα
922 3348 1026 3433 καλὰ,
1053 3339 1187 3434 ἧνο’ἱ
1172 3350 1251 3440 εγὼ,

77 3451 262 3525 καὶπολλὰ
285 3449 407 3540 ἀγαθον
429 3458 484 3527 καὶ
506 3455 630 3520 ἕκαστα
652 3445 755 3532 οὕτως
776 3444 859 3520 εἶναι’
881 3457 993 3548 φαμέν
1012 3478 1048 3522 τε
1067 3460 1123 3522 καὶ
1149 3457 1253 3544 διορί-

78 3564 175 3647 ζομεν
196 3585 241 3651 τῳ
226 3551 362 3649 λόγῳ
412 3559 528 3643 Φαμὲν
555 3552 632 3646 γάρ.
675 3559 747 3624 Καὶ
776 3553 860 3624 αὐτὸ
888 3555 928 3640 δὴ
955 3555 1058 3626 καλὸν
1085 3563 1141 3628 καὶ
1164 3555 1253 3627 αὐτὸ

80 3658 251 3783 ἀγαθὸν
249 3666 305 3728 καὶ
328 3651 417 3760 ρῦτω
446 3664 519 3750 περὶ
545 3655 691 3739 πάντων,
727 3652 751 3726 οὶ
779 3655 853 3728 τότε
882 3657 927 3740 ὡς
954 3658 1062 3730 πολλα
1083 3661 1252 3751 arcesso

77 3764 180 3838 πάλιν
207 3751 260 3842 αὖ
279 3789 341 3833 κατ
379 3760 470 3831 ἰδέαν
495 3763 575 3850 μίαν
603 3756 743 3831 ἑκάστου
771 3757 815 3840 ὡς
834 3765 915 3850 μιᾶς
936 3761 1038 3847 ον’σης
1046 3760 1252 3846 redisses*
1232 3793 1257 3835 ο

78 3872 168 3944 ἔστιν
190 3871 328 3938 ἕκαστον
357 3861 655 3958 προσαγορεύομεν.
691 3862 786 3934 Εστι
810 3867 931 3934 ταῦτα.
975 3871 1047 3936 Kal
1067 3866 1109 3937 τὰ
1129 3869 1253 3959 μὲνδὴ

79 3971 235 4066 ὁρᾶσθαί
254 3995 376 4092 φαμεν,
397 3974 556 4038 νοεῖσθαι
578 3965 671 4036 δ”
631 3995 681 4050 ου,
703 3967 763 4048 τὰς
784 3957 883 4038 δ’·ἵ
839 3997 882 4038 αν
901 3967 991 4050 ἰδέας
1010 3979 1168 4044 νοεῖσθαι
1181 3984 1251 4061 μὲν,

79 4075 236 4170 ὁρᾶσθαι
257 4070 353 4142 d’''
313 4099 366 4142 ου
402 4068 606 4145 Παντασασι
625 4080 685 4162 μέν
706 4071 793 4146 οὐν.
810 4075 857 4141 cf.
880 4096 913 4162 p.
926 4079 1010 4154 507,
1032 4082 1067 4144 Α.
1089 4081 1136 4144 St.
1177 4082 1253 4146 een

78 4186 181 4250 tinent
193 4185 285 4256 haec,
308 4175 394 4276 quod
408 4197 519 4248 omnes
533 4177 725 4272 concedent,
739 4181 779 4246 ad
792 4177 936 4246 idearum
950 4179 1132 4252 doettinam.
1162 4185 1254 4261 Quae

81 4309 139 4375 cus
173 4285 335 4357 Platonem
367 4285 566 4371 praemisisse
595 4291 740 4371 putemne
768 4282 946 4371 quaestioni
974 4288 1015 4354 de
1045 4287 1153 4366 bono>
1187 4288 1256 4358 ulei
