3312 5238
862 420 903 438 -
949 386 1098 459 tca-

389 550 482 640 laque
502 559 666 637 receperat
685 551 813 632 docere,
835 551 987 620 ieatiirm
1001 571 1070 619 ecce
1084 553 1169 619 inter
1181 553 1414 627 criminatione,
1434 550 1570 618 iustum·

389 676 453 741 que
474 677 542 722 esec
564 657 662 724 cuivis
682 656 836 744 optimum
858 676 939 732 esse,
963 659 1030 722 aive
1044 656 1116 743 quia
1131 657 1232 723 iustus
1246 676 1316 722 aeae
1330 655 1488 732 videatur,
1512 675 1570 722 seu

388 780 453 828 ron
473 758 638 826 videatur?
665 762 721 826 ct
742 780 815 826 cum
835 761 884 826 hic
904 757 961 826 lib.
984 761 1026 825 ΙΙ.
1050 781 1081 848 p.
1094 764 1185 827 coer
1199 763 1234 829 ll.
1257 763 1329 826 367.
1352 762 1388 827 E.
1445 769 1447 776 '

473 864 531 930 Ηίε
553 864 692 932 nondum
714 869 895 940 contentus,
918 863 981 930 iam
1003 883 1128 932 caucam
1148 863 1291 939 invertit,
1314 871 1346 928 et
1366 885 1406 928 cx
1429 881 1469 928 co
1491 859 1570 949 quid

388 964 541 1034 iniustitia
569 967 626 1045 eit,
658 965 967 1034 iustitiam-definire
988 974 1141 1044 conatur,
1178 987 1242 1034 non
1262 966 1406 1035 feliciore
1428 974 1567 1032 eventu:

384 1064 447 1144 Ἰὁὲ
469 1067 527 1151 δὴ,
560 1068 616 1137 ἐὰν
638 1075 690 1139 σοί
713 1062 792 1159 ὅπερ
815 1071 885 1156 ἐμοὶ
908 1069 1057 1164 ξυνδοκῇ.
1081 1075 1200 1138 τέκτων
1221 1065 1429 1156 σκυτοτόμου
1451 1069 1571 1156 ἐπιχει-

387 1174 453 1264 ρῶν
475 1173 554 1264 ἔργα
577 1168 781 1262 ἐργάζεσθαι
803 1169 823 1255 ἢ
846 1168 1049 1261 σκυτοτόμος
1070 1178 1238 1256 τέκτονος,
1259 1169 1281 1256 ἢ
1302 1169 1344 1239 τίι
1367 1168 1498 1259 ὄργανα
1513 1197 1571 1257 με-

388 1271 655 1363 ταλαμβάνοντες
685 1271 854 1357 τάλλήλων
886 1272 906 1358 ἢ
939 1273 1054 1362 τιμὰς,
1087 1273 1109 1359 ἢ
1136 1282 1193 1344 καὶ
1220 1272 1239 1344 ὁ
1269 1271 1371 1354 αὐτὸς
1399 1276 1571 1364 ἐπιχειρῶν

387 1375 564 1470 ἀμφύτερα
585 1374 752 1471 πρρίττειν,
772 1376 882 1446 πάντα
905 1365 1013 1447 τᾶλλα
1033 1374 1343 1467 μεταλλαττόμενα,
1365 1365 1435 1467 ἇροί
1457 1401 1514 1446 σοι
1530 1373 1571 1446 ἂν

388 1508 421 1550 τι
442 1485 535 1550 δοκεῖ
557 1486 643 1571 μέγα
670 1477 809 1568 βλάψαι
833 1477 948 1567 πόλεις
985 1480 1031 1550 (λῦ
1060 1477 1147 1552 πάνυ
1154 1521 1168 1564 ,·
1196 1483 1274 1576 ἔφη.
1309 1477 1402 1550 ’Ἀλλ’
1428 1472 1515 1548 ίίταν
1535 1506 1571 1566 γε

388 1576 499 1673 οἶμαι,
530 1582 729 1674 δημιουργὸς
756 1582 800 1668 ὢν
821 1581 843 1665 ἥ
865 1610 915 1664 τις
936 1583 1038 1665 ἄλλος
1059 1583 1288 1678 χρηματιστὴς
1309 1580 1426 1664 φύσει,
1456 1583 1571 1652 ἔπειτα

389 1684 604 1779 ἐπαιρόμενος
632 1685 653 1771 ἢ
679 1680 810 1780 πλούτῳ
840 1684 861 1770 ἢ
888 1684 1016 1771 πλήθει
1043 1686 1066 1771 ἢ
1095 1684 1187 1778 ἰσχύϊ
1206 1686 1225 1771 ἢ
1247 1686 1337 1780 ἄλλῳ
1359 1713 1403 1779 τῳ
1427 1682 1570 1780 τοιούτῳ

387 1789 433 1872 είς
454 1790 493 1863 τὸ
515 1794 576 1862 τοῦ
595 1793 774 1879 πολεμικοῦ
796 1781 882 1871 εἶδος
904 1794 1045 1888 ἐπιχειρῇ
1066 1789 1161 1872 ἰέναι,
1184 1788 1204 1875 ἢ
1226 1793 1290 1859 τῶν
1311 1792 1497 1878 πολεμικῶν
1520 1817 1571 1869 τις

387 1921 448 1976 εις
456 1892 495 1964 τύ
518 1921 584 1964 τον
562 1896 810 1982 βουλευτικοῦ
831 1901 887 1968 καί
908 1893 1059 1988 φύλακος
1081 1891 1260 1978 ἀνάξιος
1236 1919 1296 1976 ων,
1314 1899 1381 1962 καί
1403 1890 1445 1960 τὰ
1468 1889 1571 1975 ἄλλη-

387 2004 452 2068 λων
474 1990 566 2068 ούτοι
583 1997 710 2088 ὄργανα
723 1996 1003 2088 μεταλαμβάνωσι
1018 2005 1074 2066 καὶ
1088 1996 1149 2078 τὰς
1163 1995 1277 2086 τιμὰς,
1299 1995 1320 2081 ἢ
1335 2021 1417 2066 οταν
1432 1993 1451 2064 ὁ
1467 1993 1571 2075 αὐτὸς

386 2098 496 2178 πάντα
518 2104 624 2171 ταῦτα
645 2093 716 2221 ίίμα
738 2104 879 2197 ἐπιχειρῇ
900 2098 1071 2190 πράττειν,
1094 2098 1169 2170 τότε
1191 2095 1363 2191 οἶμαικαὶ
1385 2106 1439 2169 ool
1461 2103 1571 2168 δοκεῖν

387 2199 510 2288 ταύτην
537 2203 595 2288 την
622 2200 746 2274 τούτων
773 2203 960 2291 μεταβολὴν
988 2211 1043 2272 καί
1070 2201 1392 2327 πολυμραγμοσύνην
1419 2200 1571 2292 ὄλεθρον

387 2298 469 2388 εἶναι
498 2309 537 2404 τῇ
568 2303 674 2376 πόλει
723 2305 932 2378 Παντάπασι
958 2316 1018 2396 μὲν
1048 2307 1116 2378 οῦν.
1155 2305 1203 2376 ‘H
1236 2309 1334 2399 τριῶν
1367 2304 1435 2398 ἂρα
1465 2304 1571 2375 ὄντων

385 2436 485 2499 γενοιν
512 2409 814 2500 πολυπραγμοσύνη
850 2419 906 2481 καὶ
933 2408 1155 2502 μεταβολὴ
1130 2439 1176 2491 εις
1201 2409 1330 2494 αλληλα
1362 2412 1499 2500 μεγίστη
1536 2435 1570 2478 τε

385 2511 496 2602 βλοίβη
523 2517 562 2611 τῇ
585 2511 680 2583 πόλει
701 2523 757 2587 και
779 2512 981 2605 ῦρθὸτιετΗ
967 2513 1009 2584 σίν
1030 2512 1313 2608 προσαγορεύοιτο
1334 2513 1485 2604 μάλιστα
1507 2541 1568 2582 κα·

386 2620 534 2708 κουργία.
577 2623 709 2716 Κομιδῇ
737 2628 797 2709 μὲν
826 2619 898 2688 οῦν
941 2621 1158 2743 Κακουρχίαν
1186 2623 1222 2686 δὲ
1250 2616 1309 2702 τὴν
1328 2620 1486 2705 μεγίστην
1509 2619 1570 2700 τῆς

387 2723 508 2790 ἑαυτοῦ
536 2718 660 2802 πόλεως
688 2720 749 2791 οῦκ
775 2719 906 2793 ἀδικίαν
928 2719 1045 2817 φήσεις
1067 2727 1166 2807 είναις
1196 2724 1276 2802 fler
1304 2718 1398 2790 δ”
1367 2718 1424 2806 ου’,·
1457 2722 1568 2788 Τοῦτο

385 2823 481 2914 μὲν
465 2823 534 2915 α’ρα
556 2821 680 2894 ἀδικία
702 2823 859 2897 πάλινδὲ
882 2817 943 2896 ciale
964 2831 1114 2916 λέγωμεν·
1128 2828 1407 2952 χρηματιστικοῦ,
1436 2827 1569 2894 ἐπικου-

387 2929 493 3020 ρικοῦ,
517 2932 704 3022 φυλακικοῦ
724 2935 839 3018 γένους
862 2928 1099 3022 οἰκειοπραγία,
1122 2926 1261 3000 ἑκάστου
1284 2924 1468 3000 τούτωντί)
1491 2931 1570 2997 ίαν·

387 3033 447 3102 τοῦ
474 3028 680 3120 πράττοντος
707 3036 740 3103 ἐν
767 3031 876 3116 πόλει,
905 3030 1095 3103 τούναντίον
1116 3035 1236 3102 ἐκείνου
1258 3028 1452 3116 δικαιοσύνη
1474 3029 1499 3099 τ’
1526 3030 1569 3100 ἂν

386 3138 435 3219 εἴη
457 3142 511 3204 καί
534 3133 593 3218 τὴν
613 3133 717 3206 πόλιν
732 3140 863 3208 ὁικαίαν
883 3142 1039 3228 παρίχοις
1072 3134 1141 3206 Οὐκ
1163 3135 1263 3232 ἄλλη,
1286 3137 1397 3225 ἔμοιγε
1418 3140 1512 3204 δοκεῖ
1516 3187 1524 3217 ,
1547 3134 1567 3218 ἢ

386 3235 419 3306 δ’
452 3234 505 3320 ὃς,
536 3239 618 3328 ἔχειν
640 3237 661 3323 ἢ
683 3238 798 3336 ταύτῃ.
848 3242 894 3310 Cl.
922 3263 955 3330 p.
984 3244 1060 3316 l3l.
1093 3245 1136 3308 Sl.
1179 3245 1258 3311 Esse
1284 3247 1367 3310 hanc
1393 3241 1566 3308 iniustitiae

388 3344 630 3429 explicationem
658 3363 726 3414 non'
751 3367 792 3413 cx
822 3347 892 3433 ipso
920 3348 1008 3413 tonte
1039 3355 1071 3412 et
1098 3345 1303 3432 capillaceo,
1334 3349 1367 3412 h.
1389 3367 1419 3411 e.
1440 3344 1567 3422 animo,

388 3448 574 3525 derivatam,
597 3455 653 3516 scd
675 3439 751 3518 satie
772 3449 985 3526 arbitrariam,
1012 3467 1071 3516 occ
1091 3450 1181 3518 aliter
1201 3449 1435 3526 stabiliendam,
1467 3469 1565 3535 quam

387 3551 415 3617 ai
436 3573 518 3637 quac
539 3552 572 3618 in
594 3553 699 3620 animo
722 3554 863 3622 accidant
884 3553 1019 3640 mythice
1042 3557 1081 3620 ad
1103 3555 1262 3622 civitatem
1283 3553 1432 3620 translata
1449 3573 1566 3626 aumas,

387 3664 498 3740 sponte
520 3664 617 3739 patet.
663 3659 766 3736 Quam
793 3658 876 3726 enim
905 3658 1102 3724 hicvocavit
1122 3658 1210 3724 Plato
1223 3656 1430 3732 iniustitiam,
1459 3664 1507 3722 est
1530 3677 1566 3723 ea

385 3778 450 3824 non
476 3758 628 3826 iniustitia
649 3761 732 3854 ipsa,
766 3762 822 3828 ced
843 3762 963 3830 lacinus
985 3782 1043 3849 pcr
1063 3762 1249 3829 iniustitiam
1276 3763 1498 3836 commissum,
1535 3769 1566 3826 ct

388 3861 561 3928 secundum
592 3866 694 3930 nostri
722 3867 872 3955 temporis
898 3866 1038 3932 instituta
1066 3875 1162 3953 atquc
1190 3866 1295 3950 leges,
1327 3885 1399 3930 cum
1428 3864 1566 3930 morales

385 3972 453 4030 tum
475 3964 597 4042 civiles,
625 3989 665 4034 nc
686 3968 807 4038 lacinus
825 3968 957 4058 quidem
978 3968 1140 4038 iniustum.
1184 3972 1294 4054 Itaque
1315 3989 1380 4034 non
1400 3975 1489 4034 recte
1511 3989 1566 4034 cx-

385 4066 501 4155 plicata
521 4068 685 4149 iniustitia,
707 4094 766 4140 nec
787 4073 902 4147 iustitia
925 4081 1013 4140 recte
1035 4073 1189 4158 explicata
1211 4071 1313 4142 videri
1334 4069 1444 4148 dohet,
1469 4093 1564 4158 quam

385 4170 556 4242 iniustitiae
586 4176 776 4242 contrariam
804 4176 880 4242 dicit
907 4197 985 4244 csse.
1028 4175 1160 4242 Etiamsi
1187 4195 1265 4243 vero
1294 4182 1381 4244 recte
1407 4175 1564 4258 explicata

386 4283 469 4344 ercet
493 4273 661 4356 iniustitia,
691 4286 796 4348 mmco
825 4279 894 4350 talia
922 4281 1060 4350 iustitiae
1090 4278 1257 4364 explicatio
1284 4299 1343 4368 per
1370 4278 1563 4346 contrarium
