3298 5232
856 409 898 431 ’-
941 379 1003 448 m
1045 409 1093 430 ··-·

476 657 622 747 Quinti
646 613 735 734 libri
755 663 869 764 finem
893 666 996 734 recte
1021 679 1068 732 ac
1092 682 1162 735 eno
1188 661 1270 735 loeo
1294 661 1461 762 positum

798 815 896 886 esee,
925 789 1148 868 ostenditur.
1242 883 1245 892 Δ

471 1009 556 1088 Ques
581 1005 724 1073 nonnulli
751 1004 958 1104 intenpretum
986 1005 1025 1072 de
1053 1013 1140 1072 recte
1161 1003 1316 1072 librorum
1337 1006 1430 1071 buius
1455 1004 1568 1090 operis

386 1110 605 1178 distributione
628 1117 794 1177 moverunt
816 1097 1037 1202 dubitationes,
1059 1095 1188 1198 paulum
1211 1131 1267 1176 eae
1289 1110 1351 1176 hoc
1371 1109 1441 1176 loco
1459 1111 1569 1175 subsi-

385 1224 468 1283 stere
490 1236 547 1282 nos
569 1222 704 1300 cogunt,
721 1223 757 1279 ut
777 1197 982 1292 declaremus,
1006 1217 1090 1280 hunc
1111 1215 1204 1282 etiem
1219 1213 1365 1280 librum
1357 1236 1389 1279 ιιι
1411 1235 1445 1278 se
1469 1211 1570 1278 abso·

384 1320 483 1386 lutum
505 1319 609 1385 videri
630 1326 781 1404 recteque
803 1327 927 1384 sextum
949 1319 1066 1385 librutn
1088 1316 1128 1436 eb
1138 1339 1188 1436 eo
1211 1317 1364 1404 separari.
1408 1321 1490 1382 Nam
1518 1339 1570 1383 ar·

386 1521 532 1616 δράματι
560 1525 697 1592 dicatum
724 1547 794 1592 esse
823 1526 919 1592 dices.
964 1527 1078 1612 Agitur
1106 1529 1190 1594 enim
1221 1495 1253 1591 in
1283 1547 1321 1592 eo
1348 1490 1391 1591 lle
1422 1490 1568 1608 negotiis

384 1630 526 1696 virorum
547 1629 799 1715 feminarumque
821 1630 1050 1706 communibus,
1073 1628 1112 1696 de
1133 1629 1308 1698 liberorum
1327 1623 1567 1714 mulierumque

385 1735 622 1810 communione,
649 1738 694 1826 de
715 1734 837 1800 ratione
857 1755 920 1824 qua
941 1733 1086 1801 custodes
1108 1755 1179 1802 cum
1201 1733 1288 1802 omni
1309 1732 1427 1799 familia
1450 1754 1513 1797 ena
1536 1735 1568 1797 in

385 1836 475 1903 bellis
495 1817 681 1915 ιοιιιιιῑιιι,
712 1821 858 1917 landem,
883 1837 1037 1925 explicate
1063 1843 1211 1904 hactenus
1233 1837 1376 1914 civitate,
1401 1835 1566 1923 quomodo

384 1938 454 2031 lieri
469 1961 507 2005 ea
521 1941 633 2026 possit,
658 1942 830 2028 quaeritur.
875 1945 933 2019 Ita,
958 1945 1178 2032 respondetur,
1200 1943 1227 2006 si
1249 1937 1470 2032 philosophie'
1461 1961 1567 2023 nmpe·

385 2044 469 2110 rium
492 2043 649 2128 tradatur„
684 2043 777 2123 Quod
797 2066 986 2129 responsum
1009 2067 1105 2130 quum
1120 2045 1233 2111 mirum
1254 2047 1428 2120 videretur,
1453 2063 1566 2109 neces-

386 2147 503 2212 sarium
532 2145 620 2212 Plato
646 2152 774 2234 putabet
800 2159 887 2226 esse,
922 2147 1056 2215 definire
1088 2170 1168 2234 quos
1196 2148 1402 2236 philosophos
1424 2144 1560 2212 diceret.

386 2251 417 2315 ls
439 2255 543 2316 autem
566 2259 612 2316 est
633 2249 704 2317 linis
726 2251 826 2338 quinti
847 2252 1012 2343 librigqui
1033 2249 1124 2318 nobis
1145 2260 1234 2318 recte
1254 2273 1273 2316 a
1293 2250 1377 2317 libro
1399 2257 1506 2328 sexto,
1530 2253 1563 2315 in

387 2353 511 2444 quode
533 2353 767 2440 magistratibus
788 2355 991 2444 Reipublicae
1014 2359 1126 2450 agitur.
1149 2355 1284 2448 disiungi
1305 2355 1441 2421 videtur.
