3344 5234
589 395 801 462 ..aa-

106 587 215 654 eaque,
229 565 385 632 lectorum
410 567 533 632 animes
559 565 604 630 ita
630 567 714 651 capit
742 573 774 630 et
799 571 899 641 tenet,
936 571 972 629 ut
999 565 1151 630 iustitiam
1175 561 1287 648 quaeri

104 669 169 735 iere
195 669 429 736 obliviscentur.
473 673 520 734 Ne
551 689 629 735 vero
663 671 690 734 si
717 668 804 734 nulia
838 671 966 734 omnino
997 670 1136 734 institiae
1166 668 1286 732 mentio

104 773 296 847 iniiceretur,
324 773 418 838 etiem
441 758 645 840 evanesceret
667 790 705 836 ea
724 774 856 854 speeies,
882 794 944 858 qua
965 774 1115 836 iustitiam
1139 793 1173 836 se
1189 791 1287 855 quae·

105 899 175 942 rere
203 879 350 942 Socrates
373 876 516 951 simulat,
545 877 683 941 iustitiae
709 878 903 942 mentionem
923 884 987 940 tam
1011 875 1123 940 callide
1150 877 1285 940 subinde

104 978 220 1056 insert,
243 990 276 1046 et
297 981 332 1044 de
356 982 477 1044 ciuitate
497 982 688 1044 disserentem
708 982 744 1047 de
759 983 879 1044 iustitie
897 980 993 1044 dtcere
1014 983 1135 1044 lectores
1148 980 1206 1042 ses
1216 997 1287 1060 per·
1405 1041 1406 1044 ,

104 1085 258 1148 madeant.
305 1085 399 1160 Quod
423 1105 495 1150 cum
515 1087 583 1148 hcc·
597 1083 688 1160 loce,
711 1092 777 1148 tum
794 1083 987 1148 aliismnitis
1001 1081 1118 1147 iactum
1129 1085 1285 1148 videmus.

188 1187 291 1254 Aliter
318 1190 357 1252 de
384 1188 435 1252 his
466 1187 575 1259 statuit
607 1186 916 1252 Schleiermaehenus
941 1189 1060 1252 iutrcd.
1088 1207 1120 1272 p.
1148 1189 1201 1251 te.
1229 1189 1286 1250 has

106 1291 143 1358 de
163 1298 355 1380 mercatura,
384 1293 428 1354 de
445 1292 552 1376 pactis·
565 1293 729 1356 conventis
749 1289 838 1374 leges
852 1293 999 1360 emutare
1020 1290 1183 1355 Platonem
1193 1291 1287 1354 iudi·-

36 1470 41 1478 ,
106 1418 207 1474 νινε,
224 1396 299 1481 qma
328 1415 440 1482 parum
472 1416 585 1479 graves
613 1396 806 1461 siderentur.
851 1398 993 1461 sedeur
1016 1413 1127 1480 parum
1151 1397 1286 1480 graves?

480 1737 483 1747 ·
545 1703 732 1768 ascuto
761 1707 845 1768 111.
946 1728 950 1737 ¹

188 1893 325 1962 Vivendi
338 1895 495 1962 rationem
511 1915 641 1978 parcam
658 1901 690 1960 et
703 1897 861 1961 modicam
871 1898 990 1966 horum
1008 1897 1123 1962 civium
1137 1897 1287 1982 deinceps

107 2001 259 2069 describit
280 2001 439 2078 Socrates.
479 1997 597 2064 Glauco
615 2002 722 2080 tamen
743 2002 824 2078 hanc
848 2001 945 2077 vitam
968 2002 1144 2086 vituperat:
1172 2001 1244 2066 Καὶ
1268 1994 1286 2066 ὁ

107 2097 266 2178 [teriaca
286 2097 482 2191 ὑπολαβὼν,
513 2097 613 2186 ’Ἁντν
637 2099 747 2196 ὄψον,
774 2102 855 2192 ἔφη,
878 2098 1187 2184 andnimandans
1213 2099 1288 2182 τοὺς

106 2203 231 2294 ἄνδρας
249 2207 473 2290 ἑστιωμένους,
495 2225 529 2290 p.
547 2209 622 2282 372,
641 2207 676 2270 C.
701 2209 811 2287 selene
833 2209 978 2284 innuere,
1005 2208 1288 2284 emnemiuxuriae

106 2318 303 2398 apparatum,
320 2311 374 2396 qui
389 2310 422 2374 iu
436 2311 558 2394 magnis
573 2312 752 2376 civitatibus
767 2303 1035 2394 deprehendatur,
1052 2313 1214 2397 negligere
1226 2313 1289 2376 eo-

106 2423 238 2502 cratem.
288 2415 377 2490 Quae
406 2415 575 2486 Glauconis
595 2417 693 2480 verba
713 2409 860 2481 Socrates
875 2435 940 2480 nen
953 2423 990 2483 ut
1003 2417 1156 2500 cogitata,
1175 2413 1290 2536 >sedet

107 2519 190 2586 dicta
205 2526 307 2594 crant,
330 2518 426 2602 capit
431 2524 464 2582 et
477 2511 556 2583 ’Ae
556 2519 621 2598 νθῆ
637 2520 749 2600 λέγοις,
771 2519 887 2602 inquit,
910 2514 1139 2604 ἐπιλαθόμην,
1160 2510 1214 2586 ὅτι
1233 2521 1290 2586 καὶ

106 2620 196 2716 ὄψον
219 2621 359 2702 ἕξουσιν.
402 2622 481 2685 Item
494 2625 722 2707 reprehensus
748 2643 768 2686 a
797 2621 974 2696 Glaucone:
1010 2617 1133 2690 Καὶ“
1113 2647 1150 2699 ος
1179 2617 1226 2688 Ει
1252 2623 1288 2688 δὲ

105 2721 170 2794 ὑῶν
190 2721 306 2807 πόλιν,
329 2753 353 2795 ιο
338 2713 613 2814 Σωκρατες,”
594 2751 673 2814 εφη,
696 2720 943 2805 κατεσκτναζτς,
966 2725 997 2792 τί
1018 2721 1075 2792 ἂν
1081 2720 1185 2801 αὐτὰς
1205 2722 1289 2792 ἄλλο

105 2827 125 2912 ἢ
148 2831 258 2899 ταῦτα
280 2824 468 2920 ἐχόρταζεςς
496 2831 572 2915 qnid
594 2828 647 2909 ilie
672 2831 783 2896 innuat
808 2851 844 2897 se
865 2828 1044 2912 intelligere
1073 2828 1288 2895 dissimulans.

102 2927 217 3001 ’Asse
237 2933 304 3010 πῶς
315 2927 396 3023 χρή,
420 2935 534 3017 inquit,
560 2960 585 3000 ω
572 2927 776 3016 diadema,
795 2929 951 3010 Tandem,
968 2953 1066 3018 quum
1083 2933 1201 2998 Giaucc
1218 2955 1290 3000 scn-

106 3039 239 3111 teutiam
269 3057 358 3102 suam
392 3035 476 3112 clare
504 3038 782 3122 pronunciasset,
800 3034 918 3105 frustra
956 3038 1014 3102 diu
1044 3038 1286 3122 tergiversatus.

106 3132 203 3221 Εἶεν,
227 3141 349 3228 inquit,
377 3134 555 3226 μανθάνω.
578 3163 616 3214 ον
640 3135 753 3219 πόλιν,
777 3134 824 3218 ὡς
847 3139 944 3219 ἔοικε,
973 3141 1159 3226 σκοποῦμεν
1186 3137 1290 3226 μόνον

108 3270 198 3322 οπως
219 3244 374 3330 γίγνεται,
397 3239 484 3310 ἀλλὰ
505 3249 560 3310 καὶ
583 3245 764 3334 τρυφῶσαν
781 3238 920 3313 ντὸλινῦ
911 3248 989 3321 ι’σως
1010 3241 1069 3312 οὐν
1091 3239 1167 3312 ccidi
1183 3243 1291 3321 κακῶς

107 3347 187 3436 ἔχει
223 3369 421 3424 σκοτιονντες
447 3343 521 3437 γὰρ
540 3351 595 3414 καὶ
623 3370 782 3444 τοιαυτην
810 3370 873 3434 ταχ
903 3343 944 3414 ἂν
966 3348 1154 3434 κατίδοιμεν
1175 3342 1234 3446 τήν
1257 3371 1290 3413 τι

107 3446 323 3532 δικαιοσύνην
344 3456 398 3518 καὶ
422 3441 595 3521 deantes
576 3475 639 3530 ene
660 3456 740 3524 ποτὲ
763 3455 836 3528 ταῖς
856 3445 1027 3522 ντόλτσινέ
1012 3447 1206 3542 μηνύονται.
1240 3449 1288 3516 Gt.

105 3577 138 3642 p.
167 3559 243 3630 372,
270 3557 307 3618 Ε.
342 3553 469 3620 Nullum
490 3555 636 3621 novimus
651 3556 876 3640 interpretem,
897 3557 952 3639 qui
973 3559 1054 3622 hanc
1076 3557 1213 3620 Socratis
1227 3561 1291 3620 ter-

106 3659 355 3744 giversationem
380 3656 538 3742 explicare
564 3665 696 3725 cenatus
722 3659 772 3722 sit.
810 3660 922 3727 Haesit
936 3661 1072 3728 tamen
1057 3681 1095 3732 m
1116 3661 1166 3724 his
1184 3659 1291 3724 Aetius

107 3772 152 3841 et,
181 3769 219 3828 nt
236 3763 318 3828 iufra
341 3762 532 3838 videbimus,
555 3761 891 3840 Schleiermachecm.·
918 3764 1120 3836 Astinsenim
1137 3765 1177 3828 ad
1192 3765 1292 3830 verba

107 3868 358 3944 κατακλινέντες
385 3867 436 3935 ἐπὶ
449 3860 628 3950 staffines
663 3867 743 3933 haec
776 3869 957 3936 adnotavit:
989 3868 1140 3932 Ceterum
1168 3870 1202 3933 in
1232 3869 1293 3936 hac

109 3972 348 4064 descriptiene,
360 3976 396 4038 ut
409 3971 443 4035 in
458 3989 532 4054 cap,
550 3977 714 4054 sequente,
727 4027 728 4034 ,
740 3971 815 4037 satis
829 3969 914 4036 clara
928 3971 1035 4042 insunt
1044 3971 1175 4038 ¹ironiae
1197 3971 1293 4038 resti·

109 4079 183 4161 gia;
213 4077 298 4142 hand
316 4075 413 4164 dubie,
438 4073 526 4150 Plato
549 4074 736 4148 sententiam
758 4075 895 4160 aliquam
915 4075 1124 4161 id··temperis
1150 4074 1292 4142 celebra·
1339 4107 1343 4116 ⁴

108 4188 187 4256 tam,
215 4178 267 4245 vel
286 4179 452 4264 Sophistae
474 4185 628 4261 pettaeve
655 4176 787 4247 alicuius
804 4176 915 4248 lunam
930 4185 1003 4250 ante
1018 4179 1129 4246 oculos
1144 4179 1288 4244 munit.»

110 4285 213 4378 Nebis
239 4303 290 4350 res
310 4283 356 4354 ita
371 4283 578 4370 ,expedienda
591 4280 972 4381 videtur:;·1netieare,hie
994 4282 1095 4354 velent
1110 4281 1199 4350 Plato
1213 4306 1293 4374 τρυ.
