<?xml version="1.0" encoding="UTF-8"?>
<!DOCTYPE html PUBLIC "-//W3C//DTD XHTML 1.0 Transitional//EN"
    "http://www.w3.org/TR/xhtml1/DTD/xhtml1-transitional.dtd">
<html xmlns="http://www.w3.org/1999/xhtml" xml:lang="en" lang="en">
 <head>
  <title>
</title>
<meta http-equiv="Content-Type" content="text/html;charset=utf-8" />
  <meta name='ocr-system' content='tesseract 3.04.00' />
  <meta name='ocr-capabilities' content='ocr_page ocr_carea ocr_par ocr_line ocrx_word'/>
</head>
<body>
  <div class='ocr_page' id='page_1' title='image "./prolegomenaadpl00rettgoog_0080.png"; bbox 0 0 3312 5238; ppageno 0'>
   <div class='ocr_carea' id='block_1_1' title="bbox 577 391 924 468">
    <p class='ocr_par' dir='ltr' id='par_1_1' title="bbox 577 391 924 468">
     <span class='ocr_line' id='line_1_1' title="bbox 577 391 924 468; baseline -0.006 0"><span class='ocrx_word' id='word_1_1' title='bbox 577 401 790 468; x_wconf 79' lang='lat' dir='ltr'><strong>-or-</strong></span> <span class='ocrx_word' id='word_1_2' title='bbox 919 391 924 399; x_wconf 72' lang='grc'>’</span> 
     </span>
    </p>
   </div>
   <div class='ocr_carea' id='block_1_2' title="bbox 84 557 1274 4386">
    <p class='ocr_par' dir='ltr' id='par_1_2' title="bbox 84 557 1274 4386">
     <span class='ocr_line' id='line_1_2' title="bbox 89 557 1273 654; baseline -0.003 -24"><span class='ocrx_word' id='word_1_3' title='bbox 89 564 187 631; x_wconf 78' lang='grc' dir='ltr'><strong>εἴτε</strong></span> <span class='ocrx_word' id='word_1_4' title='bbox 208 557 544 652; x_wconf 70' lang='grc' dir='ltr'><strong>παραδεξόμεθα</strong></span> <span class='ocrx_word' id='word_1_5' title='bbox 563 559 803 654; x_wconf 73' lang='grc' dir='ltr'><em>τραγῳδίαν</em></span> <span class='ocrx_word' id='word_1_6' title='bbox 825 585 867 630; x_wconf 82' lang='grc' dir='ltr'><strong>τε</strong></span> <span class='ocrx_word' id='word_1_7' title='bbox 887 565 955 630; x_wconf 82' lang='grc' dir='ltr'><strong>καὶ</strong></span> <span class='ocrx_word' id='word_1_8' title='bbox 976 559 1193 654; x_wconf 79' lang='grc' dir='ltr'><em>κωμῳδίαν</em></span> <span class='ocrx_word' id='word_1_9' title='bbox 1214 558 1273 642; x_wconf 77' lang='grc' dir='ltr'><strong>εἷς,</strong></span> 
     </span>
     <span class='ocr_line' id='line_1_3' title="bbox 89 651 1271 750; baseline 0.002 -18"><span class='ocrx_word' id='word_1_10' title='bbox 89 663 162 748; x_wconf 83' lang='grc' dir='ltr'><strong>τὴν</strong></span> <span class='ocrx_word' id='word_1_11' title='bbox 191 662 315 734; x_wconf 79' lang='grc' dir='ltr'>πόλιν</span> <span class='ocrx_word' id='word_1_12' title='bbox 340 668 379 734; x_wconf 83' lang='grc' dir='ltr'><strong>εἴ</strong></span> <span class='ocrx_word' id='word_1_13' title='bbox 401 691 439 734; x_wconf 83' lang='grc' dir='ltr'><strong>τε</strong></span> <span class='ocrx_word' id='word_1_14' title='bbox 462 671 533 738; x_wconf 82' lang='grc' dir='ltr'><em>καὶ,</em></span> <span class='ocrx_word' id='word_1_15' title='bbox 554 662 611 734; x_wconf 78' lang='lat' dir='ltr'><strong>cd.</strong></span> <span class='ocrx_word' id='word_1_16' title='bbox 645 661 765 748; x_wconf 80' lang='grc' dir='ltr'>Ἴσιος,</span> <span class='ocrx_word' id='word_1_17' title='bbox 796 651 837 746; x_wconf 79' lang='grc' dir='ltr'><strong>ἦν</strong></span> <span class='ocrx_word' id='word_1_18' title='bbox 859 659 889 731; x_wconf 72' lang='grc' dir='ltr'><strong>δ’</strong></span> <span class='ocrx_word' id='word_1_19' title='bbox 915 660 992 750; x_wconf 76' lang='grc' dir='ltr'><strong>ἐγὼ,</strong></span> <span class='ocrx_word' id='word_1_20' title='bbox 1013 670 1079 732; x_wconf 74' lang='lat' dir='ltr'><strong>oroi</strong></span> <span class='ocrx_word' id='word_1_21' title='bbox 1101 665 1199 734; x_wconf 80' lang='grc' dir='ltr'><strong><em>πλείω</em></strong></span> <span class='ocrx_word' id='word_1_22' title='bbox 1221 666 1271 734; x_wconf 81' lang='grc' dir='ltr'><strong>ἔτι</strong></span> 
     </span>
     <span class='ocr_line' id='line_1_4' title="bbox 87 758 1268 861; baseline 0.001 -25"><span class='ocrx_word' id='word_1_23' title='bbox 87 765 223 837; x_wconf 79' lang='grc' dir='ltr'>τούτων·</span> <span class='ocrx_word' id='word_1_24' title='bbox 246 766 285 837; x_wconf 83' lang='grc' dir='ltr'><strong>οὐ</strong></span> <span class='ocrx_word' id='word_1_25' title='bbox 310 767 374 861; x_wconf 73' lang='grc' dir='ltr'><strong>γὰρ</strong></span> <span class='ocrx_word' id='word_1_26' title='bbox 396 768 437 852; x_wconf 81' lang='grc' dir='ltr'><strong>δὴ</strong></span> <span class='ocrx_word' id='word_1_27' title='bbox 462 770 563 858; x_wconf 73' lang='grc' dir='ltr'><em>ἔγωγέ</em></span> <span class='ocrx_word' id='word_1_28' title='bbox 589 771 639 836; x_wconf 77' lang='lat' dir='ltr'><strong>arur</strong></span> <span class='ocrx_word' id='word_1_29' title='bbox 655 758 746 836; x_wconf 88' lang='grc' dir='ltr'><em>οἶδα·</em></span> <span class='ocrx_word' id='word_1_30' title='bbox 768 763 838 836; x_wconf 72' lang='grc' dir='ltr'><strong>ἀλλ’</strong></span> <span class='ocrx_word' id='word_1_31' title='bbox 866 759 930 850; x_wconf 77' lang='grc' dir='ltr'><strong>ὅπη</strong></span> <span class='ocrx_word' id='word_1_32' title='bbox 953 763 995 836; x_wconf 72' lang='grc' dir='ltr'><strong>ἂν</strong></span> <span class='ocrx_word' id='word_1_33' title='bbox 1013 763 1032 834; x_wconf 90' lang='grc' dir='ltr'>ὁ</span> <span class='ocrx_word' id='word_1_34' title='bbox 1047 762 1146 855; x_wconf 75' lang='grc' dir='ltr'>λόγος</span> <span class='ocrx_word' id='word_1_35' title='bbox 1161 761 1268 856; x_wconf 74' lang='grc' dir='ltr'><em>ὥσπερ</em></span> 
     </span>
     <span class='ocr_line' id='line_1_5' title="bbox 87 868 1274 967; baseline -0.002 -27"><span class='ocrx_word' id='word_1_36' title='bbox 87 873 219 960; x_wconf 75' lang='grc' dir='ltr'><strong>πνεῦμα</strong></span> <span class='ocrx_word' id='word_1_37' title='bbox 238 876 338 966; x_wconf 76' lang='grc' dir='ltr'><em>φέρῃ,</em></span> <span class='ocrx_word' id='word_1_38' title='bbox 371 868 474 967; x_wconf 75' lang='grc' dir='ltr'><em>ταύτῃ</em></span> <span class='ocrx_word' id='word_1_39' title='bbox 501 869 596 940; x_wconf 78' lang='grc' dir='ltr'>ἰτέον.</span> <span class='ocrx_word' id='word_1_40' title='bbox 639 875 688 940; x_wconf 84' lang='lat' dir='ltr'><strong>Ex</strong></span> <span class='ocrx_word' id='word_1_41' title='bbox 710 892 773 958; x_wconf 89' lang='lat' dir='ltr'><strong>quo</strong></span> <span class='ocrx_word' id='word_1_42' title='bbox 793 871 865 938; x_wconf 87' lang='lat' dir='ltr'><strong>loco</strong></span> <span class='ocrx_word' id='word_1_43' title='bbox 890 893 956 948; x_wconf 86' lang='lat' dir='ltr'><strong>nou</strong></span> <span class='ocrx_word' id='word_1_44' title='bbox 981 871 1084 940; x_wconf 84' lang='lat' dir='ltr'><strong>solum</strong></span> <span class='ocrx_word' id='word_1_45' title='bbox 1112 871 1274 957; x_wconf 79' lang='lat' dir='ltr'><strong>colligitur</strong></span> 
     </span>
     <span class='ocr_line' id='line_1_6' title="bbox 87 975 1271 1063; baseline -0.001 -20"><span class='ocrx_word' id='word_1_46' title='bbox 87 981 174 1043; x_wconf 88' lang='lat' dir='ltr'><strong>hunc</strong></span> <span class='ocrx_word' id='word_1_47' title='bbox 196 997 322 1044; x_wconf 87' lang='lat' dir='ltr'><strong>omnem</strong></span> <span class='ocrx_word' id='word_1_48' title='bbox 344 997 523 1043; x_wconf 88' lang='lat' dir='ltr'><strong>sermonem</strong></span> <span class='ocrx_word' id='word_1_49' title='bbox 547 975 587 1042; x_wconf 93' lang='lat' dir='ltr'><strong>ad</strong></span> <span class='ocrx_word' id='word_1_50' title='bbox 612 977 771 1043; x_wconf 78' lang='lat' dir='ltr'><strong>civitatem</strong></span> <span class='ocrx_word' id='word_1_51' title='bbox 793 978 970 1062; x_wconf 85' lang='lat' dir='ltr'><strong>pertinere,</strong></span> <span class='ocrx_word' id='word_1_52' title='bbox 1001 979 1057 1044; x_wconf 84' lang='lat' dir='ltr'><strong>sad</strong></span> <span class='ocrx_word' id='word_1_53' title='bbox 1080 975 1271 1063; x_wconf 83' lang='lat' dir='ltr'><strong>proponitur</strong></span> 
     </span>
     <span class='ocr_line' id='line_1_7' title="bbox 88 1078 1270 1165; baseline 0 -19"><span class='ocrx_word' id='word_1_54' title='bbox 88 1082 186 1146; x_wconf 89' lang='lat' dir='ltr'><strong>etiam</strong></span> <span class='ocrx_word' id='word_1_55' title='bbox 207 1081 399 1165; x_wconf 85' lang='lat' dir='ltr'><strong>principium</strong></span> <span class='ocrx_word' id='word_1_56' title='bbox 422 1083 499 1146; x_wconf 86' lang='lat' dir='ltr'><strong>artis</strong></span> <span class='ocrx_word' id='word_1_57' title='bbox 519 1078 663 1164; x_wconf 80' lang='lat' dir='ltr'><strong>tingendi.</strong></span> <span class='ocrx_word' id='word_1_58' title='bbox 677 1078 845 1165; x_wconf 79' lang='lat' dir='ltr'><strong>dialogum.</strong></span> <span class='ocrx_word' id='word_1_59' title='bbox 887 1079 1019 1147; x_wconf 77' lang='lat' dir='ltr'><strong>Etiamsi</strong></span> <span class='ocrx_word' id='word_1_60' title='bbox 1033 1081 1127 1155; x_wconf 88' lang='lat' dir='ltr'><strong>enim,</strong></span> <span class='ocrx_word' id='word_1_61' title='bbox 1149 1087 1184 1144; x_wconf 91' lang='lat' dir='ltr'><strong>ut</strong></span> <span class='ocrx_word' id='word_1_62' title='bbox 1198 1078 1270 1148; x_wconf 83' lang='lat' dir='ltr'><strong>ficri</strong></span> 
     </span>
     <span class='ocr_line' id='line_1_8' title="bbox 88 1181 1271 1271; baseline -0.002 -21"><span class='ocrx_word' id='word_1_63' title='bbox 88 1182 203 1258; x_wconf 87' lang='lat' dir='ltr'><strong>debet,</strong></span> <span class='ocrx_word' id='word_1_64' title='bbox 233 1187 339 1251; x_wconf 89' lang='lat' dir='ltr'><strong>omnia</strong></span> <span class='ocrx_word' id='word_1_65' title='bbox 360 1184 401 1250; x_wconf 91' lang='lat' dir='ltr'><strong>ad</strong></span> <span class='ocrx_word' id='word_1_66' title='bbox 425 1183 609 1268; x_wconf 85' lang='lat' dir='ltr'><strong>disciplinae</strong></span> <span class='ocrx_word' id='word_1_67' title='bbox 639 1183 726 1270; x_wconf 82' lang='lat' dir='ltr'><strong>leges</strong></span> <span class='ocrx_word' id='word_1_68' title='bbox 760 1204 854 1270; x_wconf 86' lang='lat' dir='ltr'><strong>qnam</strong></span> <span class='ocrx_word' id='word_1_69' title='bbox 883 1183 1045 1271; x_wconf 86' lang='lat' dir='ltr'><strong>aptissime</strong></span> <span class='ocrx_word' id='word_1_70' title='bbox 1065 1181 1218 1268; x_wconf 86' lang='lat' dir='ltr'><strong>disposita</strong></span> <span class='ocrx_word' id='word_1_71' title='bbox 1237 1189 1271 1252; x_wconf 89' lang='lat' dir='ltr'><strong>et</strong></span> 
     </span>
     <span class='ocr_line' id='line_1_9' title="bbox 88 1289 1271 1374; baseline 0 -22"><span class='ocrx_word' id='word_1_72' title='bbox 88 1289 236 1354; x_wconf 86' lang='lat' dir='ltr'><strong>ordinata</strong></span> <span class='ocrx_word' id='word_1_73' title='bbox 255 1290 414 1366; x_wconf 78' lang='lat' dir='ltr'><strong>invenias,</strong></span> <span class='ocrx_word' id='word_1_74' title='bbox 454 1294 558 1354; x_wconf 69' lang='lat' dir='ltr'><strong>umen</strong></span> <span class='ocrx_word' id='word_1_75' title='bbox 586 1307 778 1364; x_wconf 84' lang='lat' dir='ltr'><strong>sermonem,</strong></span> <span class='ocrx_word' id='word_1_76' title='bbox 814 1294 965 1374; x_wconf 87' lang='lat' dir='ltr'><strong>tanquam</strong></span> <span class='ocrx_word' id='word_1_77' title='bbox 988 1307 1101 1352; x_wconf 85' lang='lat' dir='ltr'><strong>navem</strong></span> <span class='ocrx_word' id='word_1_78' title='bbox 1126 1309 1146 1354; x_wconf 87' lang='lat' dir='ltr'><strong>a</strong></span> <span class='ocrx_word' id='word_1_79' title='bbox 1173 1294 1271 1360; x_wconf 79' lang='lat' dir='ltr'><strong>vento</strong></span> 
     </span>
     <span class='ocr_line' id='line_1_10' title="bbox 89 1389 1270 1478; baseline 0.002 -22"><span class='ocrx_word' id='word_1_80' title='bbox 89 1393 258 1475; x_wconf 76' lang='lat' dir='ltr'><strong>agitatam,</strong></span> <span class='ocrx_word' id='word_1_81' title='bbox 295 1413 361 1458; x_wconf 91' lang='lat' dir='ltr'><strong>nou</strong></span> <span class='ocrx_word' id='word_1_82' title='bbox 385 1394 582 1478; x_wconf 85' lang='lat' dir='ltr'><strong>praescripto</strong></span> <span class='ocrx_word' id='word_1_83' title='bbox 612 1411 708 1458; x_wconf 88' lang='lat' dir='ltr'><strong>cursu</strong></span> <span class='ocrx_word' id='word_1_84' title='bbox 737 1389 815 1458; x_wconf 85' lang='lat' dir='ltr'><strong>ferri</strong></span> <span class='ocrx_word' id='word_1_85' title='bbox 839 1391 968 1458; x_wconf 77' lang='lat' dir='ltr'><strong>simulat</strong></span> <span class='ocrx_word' id='word_1_86' title='bbox 989 1394 1148 1458; x_wconf 85' lang='lat' dir='ltr'><strong>Socrates.</strong></span> <span class='ocrx_word' id='word_1_87' title='bbox 1185 1397 1270 1458; x_wconf 88' lang='lat' dir='ltr'><strong>Num</strong></span> 
     </span>
     <span class='ocr_line' id='line_1_11' title="bbox 88 1493 1271 1582; baseline 0 -20"><span class='ocrx_word' id='word_1_88' title='bbox 88 1515 166 1562; x_wconf 80' lang='lat' dir='ltr'><strong>vero</strong></span> <span class='ocrx_word' id='word_1_89' title='bbox 188 1497 359 1562; x_wconf 72' lang='lat' dir='ltr'><strong>nescivisse</strong></span> <span class='ocrx_word' id='word_1_90' title='bbox 379 1498 542 1562; x_wconf 77' lang='lat' dir='ltr'><strong>Socratem</strong></span> <span class='ocrx_word' id='word_1_91' title='bbox 563 1495 675 1572; x_wconf 88' lang='lat' dir='ltr'><strong>credis,</strong></span> <span class='ocrx_word' id='word_1_92' title='bbox 702 1515 800 1580; x_wconf 82' lang='lat' dir='ltr'><strong>quum</strong></span> <span class='ocrx_word' id='word_1_93' title='bbox 821 1499 901 1569; x_wconf 79' lang='lat' dir='ltr'><strong>haec</strong></span> <span class='ocrx_word' id='word_1_94' title='bbox 915 1493 1046 1572; x_wconf 85' lang='lat' dir='ltr'><strong>diceret,</strong></span> <span class='ocrx_word' id='word_1_95' title='bbox 1067 1495 1159 1582; x_wconf 85' lang='lat' dir='ltr'><strong>plura</strong></span> <span class='ocrx_word' id='word_1_96' title='bbox 1174 1499 1271 1562; x_wconf 85' lang='lat' dir='ltr'><strong>ettam</strong></span> 
     </span>
     <span class='ocr_line' id='line_1_12' title="bbox 89 1598 1270 1687; baseline 0.003 -21"><span class='ocrx_word' id='word_1_97' title='bbox 89 1620 158 1666; x_wconf 89' lang='lat' dir='ltr'><strong>esse</strong></span> <span class='ocrx_word' id='word_1_98' title='bbox 188 1598 241 1664; x_wconf 90' lang='lat' dir='ltr'><strong>ad·</strong></span> <span class='ocrx_word' id='word_1_99' title='bbox 258 1619 340 1684; x_wconf 88' lang='lat' dir='ltr'><strong>quae</strong></span> <span class='ocrx_word' id='word_1_100' title='bbox 370 1602 452 1666; x_wconf 89' lang='lat' dir='ltr'><strong>haec</strong></span> <span class='ocrx_word' id='word_1_101' title='bbox 478 1599 562 1666; x_wconf 85' lang='lat' dir='ltr'><strong>dicta</strong></span> <span class='ocrx_word' id='word_1_102' title='bbox 584 1601 798 1687; x_wconf 76' lang='lat' dir='ltr'><strong>perimerent,</strong></span> <span class='ocrx_word' id='word_1_103' title='bbox 836 1606 868 1665; x_wconf 89' lang='lat' dir='ltr'><strong>et</strong></span> <span class='ocrx_word' id='word_1_104' title='bbox 889 1601 949 1664; x_wconf 87' lang='lat' dir='ltr'><strong>hac</strong></span> <span class='ocrx_word' id='word_1_105' title='bbox 974 1601 1123 1666; x_wconf 73' lang='lat' dir='ltr'><strong>motione</strong></span> <span class='ocrx_word' id='word_1_106' title='bbox 1142 1607 1270 1670; x_wconf 81' lang='lat' dir='ltr'><strong>tantum</strong></span> 
     </span>
     <span class='ocr_line' id='line_1_13' title="bbox 88 1702 1271 1789; baseline 0.005 -22"><span class='ocrx_word' id='word_1_107' title='bbox 88 1704 261 1787; x_wconf 85' lang='lat' dir='ltr'><strong>prohibere</strong></span> <span class='ocrx_word' id='word_1_108' title='bbox 285 1702 442 1780; x_wconf 82' lang='lat' dir='ltr'><strong>votuisse,</strong></span> <span class='ocrx_word' id='word_1_109' title='bbox 476 1722 541 1788; x_wconf 83' lang='lat' dir='ltr'><strong>quo</strong></span> <span class='ocrx_word' id='word_1_110' title='bbox 571 1707 674 1769; x_wconf 89' lang='lat' dir='ltr'><strong>minus</strong></span> <span class='ocrx_word' id='word_1_111' title='bbox 696 1703 899 1788; x_wconf 80' lang='lat' dir='ltr'><strong>disputationi</strong></span> <span class='ocrx_word' id='word_1_112' title='bbox 925 1704 1031 1771; x_wconf 90' lang='lat' dir='ltr'><strong>nimis.</strong></span> <span class='ocrx_word' id='word_1_113' title='bbox 1044 1704 1168 1789; x_wconf 66' lang='lat' dir='ltr'><strong>angusti</strong></span> <span class='ocrx_word' id='word_1_114' title='bbox 1189 1703 1271 1774; x_wconf 82' lang='lat' dir='ltr'><strong>fines</strong></span> 
     </span>
     <span class='ocr_line' id='line_1_14' title="bbox 88 1805 1269 1894; baseline 0.003 -23"><span class='ocrx_word' id='word_1_115' title='bbox 88 1814 302 1892; x_wconf 75' lang='lat' dir='ltr'><strong>ponerentur,</strong></span> <span class='ocrx_word' id='word_1_116' title='bbox 332 1827 372 1872; x_wconf 90' lang='lat' dir='ltr'><strong>an</strong></span> <span class='ocrx_word' id='word_1_117' title='bbox 399 1813 525 1884; x_wconf 74' lang='lat' dir='ltr'><strong>ronna,</strong></span> <span class='ocrx_word' id='word_1_118' title='bbox 565 1805 652 1893; x_wconf 90' lang='lat' dir='ltr'><strong>quod</strong></span> <span class='ocrx_word' id='word_1_119' title='bbox 673 1813 819 1874; x_wconf 85' lang='lat' dir='ltr'><strong>cerneret</strong></span> <span class='ocrx_word' id='word_1_120' title='bbox 846 1813 975 1872; x_wconf 86' lang='lat' dir='ltr'><strong>etanta</strong></span> <span class='ocrx_word' id='word_1_121' title='bbox 1000 1805 1143 1880; x_wconf 84' lang='lat' dir='ltr'><strong>videret,</strong></span> <span class='ocrx_word' id='word_1_122' title='bbox 1176 1807 1269 1894; x_wconf 88' lang='lat' dir='ltr'><strong>plura</strong></span> 
     </span>
     <span class='ocr_line' id='line_1_15' title="bbox 89 1907 1266 1998; baseline 0 -22"><span class='ocrx_word' id='word_1_123' title='bbox 89 1931 156 1976; x_wconf 88' lang='lat' dir='ltr'><strong>esse</strong></span> <span class='ocrx_word' id='word_1_124' title='bbox 183 1931 267 1998; x_wconf 86' lang='lat' dir='ltr'><strong>quae</strong></span> <span class='ocrx_word' id='word_1_125' title='bbox 290 1908 330 1974; x_wconf 91' lang='lat' dir='ltr'><strong>ad</strong></span> <span class='ocrx_word' id='word_1_126' title='bbox 353 1910 492 1998; x_wconf 79' lang='grc' dir='ltr'>μίμησιν</span> <span class='ocrx_word' id='word_1_127' title='bbox 517 1909 636 1976; x_wconf 78' lang='lat' dir='ltr'><strong>referri¹</strong></span> <span class='ocrx_word' id='word_1_128' title='bbox 655 1907 822 1985; x_wconf 86' lang='lat' dir='ltr'><strong>deherent,</strong></span> <span class='ocrx_word' id='word_1_129' title='bbox 855 1918 888 1976; x_wconf 90' lang='lat' dir='ltr'><strong>et</strong></span> <span class='ocrx_word' id='word_1_130' title='bbox 913 1930 954 1976; x_wconf 84' lang='lat' dir='ltr'><strong>ex</strong></span> <span class='ocrx_word' id='word_1_131' title='bbox 974 1907 1087 1978; x_wconf 86' lang='lat' dir='ltr'><strong>eodem</strong></span> <span class='ocrx_word' id='word_1_132' title='bbox 1108 1909 1266 1998; x_wconf 80' lang='lat' dir='ltr'><strong>principio</strong></span> 
     </span>
     <span class='ocr_line' id='line_1_16' title="bbox 87 2013 1268 2101; baseline 0.003 -22"><span class='ocrx_word' id='word_1_133' title='bbox 87 2017 261 2101; x_wconf 86' lang='lat' dir='ltr'><strong>repetenda</strong></span> <span class='ocrx_word' id='word_1_134' title='bbox 286 2015 381 2080; x_wconf 89' lang='lat' dir='ltr'><strong>etiam</strong></span> <span class='ocrx_word' id='word_1_135' title='bbox 403 2014 542 2086; x_wconf 86' lang='lat' dir='ltr'><strong>musicae</strong></span> <span class='ocrx_word' id='word_1_136' title='bbox 568 2021 749 2100; x_wconf 88' lang='lat' dir='ltr'><strong>praecepta,</strong></span> <span class='ocrx_word' id='word_1_137' title='bbox 777 2017 835 2080; x_wconf 91' lang='lat' dir='ltr'><strong>hac</strong></span> <span class='ocrx_word' id='word_1_138' title='bbox 859 2016 929 2101; x_wconf 89' lang='lat' dir='ltr'><strong>ipsa</strong></span> <span class='ocrx_word' id='word_1_139' title='bbox 950 2013 1197 2101; x_wconf 70' lang='lat' dir='ltr'><strong>dissimulatione</strong></span> <span class='ocrx_word' id='word_1_140' title='bbox 1216 2035 1268 2082; x_wconf 86' lang='lat' dir='ltr'><strong>ra·</strong></span> 
     </span>
     <span class='ocr_line' id='line_1_17' title="bbox 88 2115 1268 2206; baseline 0.003 -25"><span class='ocrx_word' id='word_1_141' title='bbox 88 2120 174 2182; x_wconf 88' lang='lat' dir='ltr'><strong>tione</strong></span> <span class='ocrx_word' id='word_1_142' title='bbox 195 2115 429 2204; x_wconf 81' lang='lat' dir='ltr'><strong>progredientis</strong></span> <span class='ocrx_word' id='word_1_143' title='bbox 455 2119 674 2204; x_wconf 81' lang='lat' dir='ltr'><strong>disputationis</strong></span> <span class='ocrx_word' id='word_1_144' title='bbox 689 2116 850 2195; x_wconf 80' lang='lat' dir='ltr'><strong>effecisse,</strong></span> <span class='ocrx_word' id='word_1_145' title='bbox 883 2125 919 2182; x_wconf 89' lang='lat' dir='ltr'><strong>ut</strong></span> <span class='ocrx_word' id='word_1_146' title='bbox 945 2120 1069 2184; x_wconf 87' lang='lat' dir='ltr'><strong>ratione</strong></span> <span class='ocrx_word' id='word_1_147' title='bbox 1095 2126 1189 2206; x_wconf 89' lang='lat' dir='ltr'><strong>atquc</strong></span> <span class='ocrx_word' id='word_1_148' title='bbox 1213 2139 1268 2186; x_wconf 86' lang='lat' dir='ltr'><strong>or·</strong></span> 
     </span>
     <span class='ocr_line' id='line_1_18' title="bbox 87 2218 1269 2309; baseline 0.003 -23"><span class='ocrx_word' id='word_1_149' title='bbox 87 2218 161 2286; x_wconf 87' lang='lat' dir='ltr'><strong>dine</strong></span> <span class='ocrx_word' id='word_1_150' title='bbox 188 2229 319 2308; x_wconf 89' lang='lat' dir='ltr'><strong>coeptus</strong></span> <span class='ocrx_word' id='word_1_151' title='bbox 344 2241 449 2287; x_wconf 84' lang='lat' dir='ltr'><strong>sermo</strong></span> <span class='ocrx_word' id='word_1_152' title='bbox 471 2223 600 2307; x_wconf 76' lang='lat' dir='ltr'><strong>perrexi</strong></span> <span class='ocrx_word' id='word_1_153' title='bbox 625 2227 751 2306; x_wconf 73' lang='lat' dir='ltr'><strong>posset?</strong></span> <span class='ocrx_word' id='word_1_154' title='bbox 785 2225 865 2288; x_wconf 89' lang='lat' dir='ltr'><strong>Nam</strong></span> <span class='ocrx_word' id='word_1_155' title='bbox 880 2223 943 2288; x_wconf 89' lang='lat' dir='ltr'><strong>nisi</strong></span> <span class='ocrx_word' id='word_1_156' title='bbox 956 2221 1049 2306; x_wconf 84' lang='lat' dir='ltr'><strong>plura</strong></span> <span class='ocrx_word' id='word_1_157' title='bbox 1062 2224 1158 2288; x_wconf 85' lang='lat' dir='ltr'><strong>etiam</strong></span> <span class='ocrx_word' id='word_1_158' title='bbox 1173 2244 1269 2309; x_wconf 79' lang='lat' dir='ltr'><strong>quam</strong></span> 
     </span>
     <span class='ocr_line' id='line_1_19' title="bbox 85 2323 1266 2412; baseline 0.003 -23"><span class='ocrx_word' id='word_1_159' title='bbox 85 2323 285 2410; x_wconf 80' lang='lat' dir='ltr'><strong>tragoediam</strong></span> <span class='ocrx_word' id='word_1_160' title='bbox 309 2332 341 2390; x_wconf 89' lang='lat' dir='ltr'><strong>et</strong></span> <span class='ocrx_word' id='word_1_161' title='bbox 368 2323 564 2392; x_wconf 85' lang='lat' dir='ltr'><strong>comoediam</strong></span> <span class='ocrx_word' id='word_1_162' title='bbox 589 2323 630 2390; x_wconf 86' lang='lat' dir='ltr'><strong>ad</strong></span> <span class='ocrx_word' id='word_1_163' title='bbox 648 2325 786 2412; x_wconf 81' lang='grc' dir='ltr'>μίμησιν</span> <span class='ocrx_word' id='word_1_164' title='bbox 816 2323 938 2392; x_wconf 83' lang='lat' dir='ltr'><strong>referre</strong></span> <span class='ocrx_word' id='word_1_165' title='bbox 963 2323 1074 2402; x_wconf 85' lang='lat' dir='ltr'><strong>veliet,</strong></span> <span class='ocrx_word' id='word_1_166' title='bbox 1106 2333 1139 2392; x_wconf 88' lang='lat' dir='ltr'><strong>et</strong></span> <span class='ocrx_word' id='word_1_167' title='bbox 1164 2329 1191 2392; x_wconf 89' lang='lat' dir='ltr'><strong>si</strong></span> <span class='ocrx_word' id='word_1_168' title='bbox 1216 2329 1266 2392; x_wconf 89' lang='lat' dir='ltr'><strong>his</strong></span> 
     </span>
     <span class='ocr_line' id='line_1_20' title="bbox 86 2427 1269 2514; baseline 0.002 -20"><span class='ocrx_word' id='word_1_169' title='bbox 86 2447 119 2494; x_wconf 87' lang='lat' dir='ltr'><strong>se</strong></span> <span class='ocrx_word' id='word_1_170' title='bbox 141 2427 258 2495; x_wconf 88' lang='lat' dir='ltr'><strong>finibus</strong></span> <span class='ocrx_word' id='word_1_171' title='bbox 282 2429 388 2494; x_wconf 83' lang='lat' dir='ltr'><strong>sermo</strong></span> <span class='ocrx_word' id='word_1_172' title='bbox 413 2428 639 2505; x_wconf 86' lang='lat' dir='ltr'><strong>continuisset,</strong></span> <span class='ocrx_word' id='word_1_173' title='bbox 676 2427 753 2514; x_wconf 88' lang='lat' dir='ltr'><strong>quid</strong></span> <span class='ocrx_word' id='word_1_174' title='bbox 777 2431 930 2496; x_wconf 81' lang='lat' dir='ltr'><strong>attinebat</strong></span> <span class='ocrx_word' id='word_1_175' title='bbox 957 2428 1015 2496; x_wconf 89' lang='lat' dir='ltr'><strong>hac</strong></span> <span class='ocrx_word' id='word_1_176' title='bbox 1041 2431 1186 2496; x_wconf 90' lang='lat' dir='ltr'><strong>cantione</strong></span> <span class='ocrx_word' id='word_1_177' title='bbox 1214 2451 1269 2496; x_wconf 82' lang='lat' dir='ltr'><strong>cu-</strong></span> 
     </span>
     <span class='ocr_line' id='line_1_21' title="bbox 85 2531 1202 2619; baseline 0 -21"><span class='ocrx_word' id='word_1_178' title='bbox 85 2551 160 2598; x_wconf 87' lang='lat' dir='ltr'><strong>rare</strong></span> <span class='ocrx_word' id='word_1_179' title='bbox 188 2539 225 2596; x_wconf 89' lang='lat' dir='ltr'><strong>ut</strong></span> <span class='ocrx_word' id='word_1_180' title='bbox 244 2531 340 2598; x_wconf 87' lang='lat' dir='ltr'><strong>latior</strong></span> <span class='ocrx_word' id='word_1_181' title='bbox 363 2540 447 2598; x_wconf 88' lang='lat' dir='ltr'><strong>esset</strong></span> <span class='ocrx_word' id='word_1_182' title='bbox 470 2531 532 2608; x_wconf 78' lang='lat' dir='ltr'><strong>ria,</strong></span> <span class='ocrx_word' id='word_1_183' title='bbox 560 2551 658 2619; x_wconf 84' lang='lat' dir='ltr'><strong>quum</strong></span> <span class='ocrx_word' id='word_1_184' title='bbox 685 2531 867 2618; x_wconf 79' lang='lat' dir='ltr'><strong>augustiore</strong></span> <span class='ocrx_word' id='word_1_185' title='bbox 892 2541 1013 2600; x_wconf 84' lang='lat' dir='ltr'><strong>tantum</strong></span> <span class='ocrx_word' id='word_1_186' title='bbox 1038 2539 1202 2600; x_wconf 71' lang='lat' dir='ltr'><strong>uteretur?</strong></span> 
     </span>
     <span class='ocr_line' id='line_1_22' title="bbox 175 2635 1267 2725; baseline 0.005 -25"><span class='ocrx_word' id='word_1_187' title='bbox 175 2637 322 2702; x_wconf 85' lang='lat' dir='ltr'><strong>Ceterum</strong></span> <span class='ocrx_word' id='word_1_188' title='bbox 352 2639 447 2702; x_wconf 90' lang='lat' dir='ltr'><strong>etiam</strong></span> <span class='ocrx_word' id='word_1_189' title='bbox 475 2657 556 2721; x_wconf 89' lang='lat' dir='ltr'><strong>quae</strong></span> <span class='ocrx_word' id='word_1_190' title='bbox 588 2637 622 2700; x_wconf 90' lang='lat' dir='ltr'><strong>in</strong></span> <span class='ocrx_word' id='word_1_191' title='bbox 650 2639 709 2700; x_wconf 89' lang='lat' dir='ltr'><strong>hac</strong></span> <span class='ocrx_word' id='word_1_192' title='bbox 737 2635 957 2722; x_wconf 88' lang='lat' dir='ltr'><strong>disputationis</strong></span> <span class='ocrx_word' id='word_1_193' title='bbox 982 2645 1267 2725; x_wconf 82' lang='lat' dir='ltr'><strong>partepraecapta</strong></span> 
     </span>
     <span class='ocr_line' id='line_1_23' title="bbox 85 2739 1266 2828; baseline 0.002 -22"><span class='ocrx_word' id='word_1_194' title='bbox 85 2739 234 2816; x_wconf 87' lang='lat' dir='ltr'><strong>tradidit,</strong></span> <span class='ocrx_word' id='word_1_195' title='bbox 264 2759 305 2806; x_wconf 85' lang='lat' dir='ltr'><strong>ex</strong></span> <span class='ocrx_word' id='word_1_196' title='bbox 331 2739 465 2820; x_wconf 84' lang='lat' dir='ltr'><strong>iustitia,</strong></span> <span class='ocrx_word' id='word_1_197' title='bbox 501 2741 766 2828; x_wconf 76' lang='lat' dir='ltr'><strong>quemadmodum</strong></span> <span class='ocrx_word' id='word_1_198' title='bbox 796 2742 897 2806; x_wconf 86' lang='lat' dir='ltr'><strong>serius</strong></span> <span class='ocrx_word' id='word_1_199' title='bbox 919 2739 1079 2808; x_wconf 82' lang='lat' dir='ltr'><strong>definitam</strong></span> <span class='ocrx_word' id='word_1_200' title='bbox 1104 2743 1266 2820; x_wconf 80' lang='lat' dir='ltr'><strong>videmus,</strong></span> 
     </span>
     <span class='ocr_line' id='line_1_24' title="bbox 84 2841 1264 2931; baseline 0.002 -21"><span class='ocrx_word' id='word_1_201' title='bbox 84 2849 285 2931; x_wconf 87' lang='lat' dir='ltr'><strong>repetuntur.</strong></span> <span class='ocrx_word' id='word_1_202' title='bbox 311 2841 370 2912; x_wconf 76' lang='lat' dir='ltr'><strong>¹Ci.</strong></span> <span class='ocrx_word' id='word_1_203' title='bbox 394 2863 426 2928; x_wconf 90' lang='lat' dir='ltr'><strong>p.</strong></span> <span class='ocrx_word' id='word_1_204' title='bbox 449 2844 528 2920; x_wconf 80' lang='lat' dir='ltr'><strong>39d,</strong></span> <span class='ocrx_word' id='word_1_205' title='bbox 550 2847 587 2909; x_wconf 89' lang='lat' dir='ltr'><strong>E.</strong></span> <span class='ocrx_word' id='word_1_206' title='bbox 609 2879 652 2894; x_wconf 93' lang='lat'>-</span> <span class='ocrx_word' id='word_1_207' title='bbox 671 2846 745 2919; x_wconf 82' lang='grc'><strong>995,</strong></span> <span class='ocrx_word' id='word_1_208' title='bbox 769 2844 803 2908; x_wconf 87' lang='lat' dir='ltr'><strong>C.</strong></span> <span class='ocrx_word' id='word_1_209' title='bbox 826 2847 899 2909; x_wconf 80' lang='grc'><strong>397.</strong></span> <span class='ocrx_word' id='word_1_210' title='bbox 923 2849 963 2920; x_wconf 84' lang='grc' dir='ltr'><strong>Ι),</strong></span> <span class='ocrx_word' id='word_1_211' title='bbox 987 2847 1022 2914; x_wconf 84' lang='grc' dir='ltr'><strong>Ε.</strong></span> <span class='ocrx_word' id='word_1_212' title='bbox 1043 2844 1114 2913; x_wconf 86' lang='lat' dir='ltr'><strong>coil.</strong></span> <span class='ocrx_word' id='word_1_213' title='bbox 1134 2844 1189 2911; x_wconf 83' lang='lat' dir='ltr'><strong>lib.</strong></span> <span class='ocrx_word' id='word_1_214' title='bbox 1209 2849 1264 2916; x_wconf 89' lang='lat' dir='ltr'><strong>IV.</strong></span> 
     </span>
     <span class='ocr_line' id='line_1_25' title="bbox 85 2947 1267 3034; baseline 0.004 -22"><span class='ocrx_word' id='word_1_215' title='bbox 85 2971 118 3032; x_wconf 88' lang='lat' dir='ltr'><strong>p.</strong></span> <span class='ocrx_word' id='word_1_216' title='bbox 140 2949 221 3022; x_wconf 79' lang='grc'><strong>499,</strong></span> <span class='ocrx_word' id='word_1_217' title='bbox 250 2949 292 3012; x_wconf 65' lang='grc' dir='ltr'><strong>«Α.</strong></span> <span class='ocrx_word' id='word_1_218' title='bbox 323 2949 373 3011; x_wconf 89' lang='lat' dir='ltr'><strong>ed.</strong></span> <span class='ocrx_word' id='word_1_219' title='bbox 405 2949 514 3033; x_wconf 82' lang='lat' dir='ltr'><strong>steph.</strong></span> <span class='ocrx_word' id='word_1_220' title='bbox 560 2949 764 3034; x_wconf 70' lang='lat' dir='ltr'><strong>Perspictum</strong></span> <span class='ocrx_word' id='word_1_221' title='bbox 790 2947 959 3031; x_wconf 78' lang='lat' dir='ltr'><strong>estigitur</strong></span> <span class='ocrx_word' id='word_1_222' title='bbox 986 2947 1018 3014; x_wconf 92' lang='lat' dir='ltr'><strong>in</strong></span> <span class='ocrx_word' id='word_1_223' title='bbox 1046 2947 1095 3014; x_wconf 83' lang='lat' dir='ltr'><strong>isis</strong></span> <span class='ocrx_word' id='word_1_224' title='bbox 1121 2949 1267 3018; x_wconf 84' lang='lat' dir='ltr'><strong>omnibus</strong></span> 
     </span>
     <span class='ocr_line' id='line_1_26' title="bbox 84 3047 1266 3140; baseline 0.003 -25"><span class='ocrx_word' id='word_1_225' title='bbox 84 3049 201 3116; x_wconf 85' lang='lat' dir='ltr'><strong>iisdem</strong></span> <span class='ocrx_word' id='word_1_226' title='bbox 228 3047 393 3136; x_wconf 85' lang='lat' dir='ltr'><strong>principiis</strong></span> <span class='ocrx_word' id='word_1_227' title='bbox 423 3052 470 3114; x_wconf 89' lang='lat' dir='ltr'><strong>nti</strong></span> <span class='ocrx_word' id='word_1_228' title='bbox 501 3054 673 3118; x_wconf 83' lang='lat' dir='ltr'><strong>Socratem.</strong></span> <span class='ocrx_word' id='word_1_229' title='bbox 727 3054 806 3116; x_wconf 88' lang='lat' dir='ltr'><strong>Nam</strong></span> <span class='ocrx_word' id='word_1_230' title='bbox 835 3049 945 3117; x_wconf 86' lang='lat' dir='ltr'><strong>eadem</strong></span> <span class='ocrx_word' id='word_1_231' title='bbox 976 3049 1067 3136; x_wconf 80' lang='lat' dir='ltr'><strong>lege,</strong></span> <span class='ocrx_word' id='word_1_232' title='bbox 1103 3073 1197 3140; x_wconf 62' lang='lat' dir='ltr'><strong>mam</strong></span> <span class='ocrx_word' id='word_1_233' title='bbox 1226 3057 1266 3120; x_wconf 90' lang='lat' dir='ltr'><strong>de</strong></span> 
     </span>
     <span class='ocr_line' id='line_1_27' title="bbox 85 3151 1266 3242; baseline 0.004 -24"><span class='ocrx_word' id='word_1_234' title='bbox 85 3151 261 3219; x_wconf 85' lang='lat' dir='ltr'><strong>imitatione</strong></span> <span class='ocrx_word' id='word_1_235' title='bbox 292 3156 355 3218; x_wconf 88' lang='lat' dir='ltr'><strong>hoc</strong></span> <span class='ocrx_word' id='word_1_236' title='bbox 383 3151 456 3218; x_wconf 85' lang='lat' dir='ltr'><strong>loeo</strong></span> <span class='ocrx_word' id='word_1_237' title='bbox 483 3154 588 3240; x_wconf 86' lang='lat' dir='ltr'><strong>ponit,</strong></span> <span class='ocrx_word' id='word_1_238' title='bbox 625 3153 765 3220; x_wconf 85' lang='lat' dir='ltr'><strong>nituntur</strong></span> <span class='ocrx_word' id='word_1_239' title='bbox 791 3173 872 3240; x_wconf 86' lang='lat' dir='ltr'><strong>quae</strong></span> <span class='ocrx_word' id='word_1_240' title='bbox 903 3153 944 3220; x_wconf 94' lang='lat' dir='ltr'><strong>de</strong></span> <span class='ocrx_word' id='word_1_241' title='bbox 972 3154 1105 3239; x_wconf 78' lang='lat' dir='ltr'><strong>singulis</strong></span> <span class='ocrx_word' id='word_1_242' title='bbox 1130 3159 1266 3242; x_wconf 75' lang='lat' dir='ltr'><strong>negotiis</strong></span> 
     </span>
     <span class='ocr_line' id='line_1_28' title="bbox 85 3255 1265 3345; baseline 0.004 -24"><span class='ocrx_word' id='word_1_243' title='bbox 85 3255 365 3340; x_wconf 78' lang='lat' dir='ltr'><strong>singulis&#39;civibns</strong></span> <span class='ocrx_word' id='word_1_244' title='bbox 391 3255 593 3334; x_wconf 89' lang='lat' dir='ltr'><strong>mandandis,</strong></span> <span class='ocrx_word' id='word_1_245' title='bbox 627 3279 709 3343; x_wconf 88' lang='lat' dir='ltr'><strong>quae</strong></span> <span class='ocrx_word' id='word_1_246' title='bbox 734 3256 774 3323; x_wconf 90' lang='lat' dir='ltr'><strong>de</strong></span> <span class='ocrx_word' id='word_1_247' title='bbox 799 3259 1184 3345; x_wconf 75' lang='lat' dir='ltr'><strong>carminumargumcnto</strong></span> <span class='ocrx_word' id='word_1_248' title='bbox 1212 3283 1265 3326; x_wconf 88' lang='lat' dir='ltr'><strong>sn-</strong></span> 
     </span>
     <span class='ocr_line' id='line_1_29' title="bbox 85 3359 1261 3450; baseline 0.005 -26"><span class='ocrx_word' id='word_1_249' title='bbox 85 3380 143 3446; x_wconf 87' lang='lat' dir='ltr'><strong>pra</strong></span> <span class='ocrx_word' id='word_1_250' title='bbox 179 3359 359 3445; x_wconf 82' lang='lat' dir='ltr'><strong>dispntarit.</strong></span> <span class='ocrx_word' id='word_1_251' title='bbox 414 3364 455 3425; x_wconf 90' lang='lat' dir='ltr'><strong>Et</strong></span> <span class='ocrx_word' id='word_1_252' title='bbox 487 3359 682 3428; x_wconf 85' lang='lat' dir='ltr'><strong>admirabilis</strong></span> <span class='ocrx_word' id='word_1_253' title='bbox 709 3360 854 3448; x_wconf 80' lang='lat' dir='ltr'><strong>proiecto</strong></span> <span class='ocrx_word' id='word_1_254' title='bbox 889 3365 967 3428; x_wconf 89' lang='lat' dir='ltr'><strong>haec</strong></span> <span class='ocrx_word' id='word_1_255' title='bbox 1002 3371 1048 3429; x_wconf 88' lang='lat' dir='ltr'><strong>est</strong></span> <span class='ocrx_word' id='word_1_256' title='bbox 1080 3363 1261 3450; x_wconf 81' lang='lat' dir='ltr'><strong>philosophi</strong></span> 
     </span>
     <span class='ocr_line' id='line_1_30' title="bbox 86 3463 1264 3553; baseline 0.006 -25"><span class='ocrx_word' id='word_1_257' title='bbox 86 3465 277 3537; x_wconf 86' lang='lat' dir='ltr'><strong>constantia,</strong></span> <span class='ocrx_word' id='word_1_258' title='bbox 310 3483 420 3529; x_wconf 86' lang='lat' dir='ltr'><strong>omnes</strong></span> <span class='ocrx_word' id='word_1_259' title='bbox 442 3464 614 3551; x_wconf 79' lang='lat' dir='ltr'><strong>aequaliter</strong></span> <span class='ocrx_word' id='word_1_260' title='bbox 638 3463 856 3552; x_wconf 89' lang='lat' dir='ltr'><strong>disputationis</strong></span> <span class='ocrx_word' id='word_1_261' title='bbox 883 3473 915 3530; x_wconf 85' lang='lat' dir='ltr'><strong>et</strong></span> <span class='ocrx_word' id='word_1_262' title='bbox 940 3466 1072 3533; x_wconf 83' lang='lat' dir='ltr'><strong>civitatis</strong></span> <span class='ocrx_word' id='word_1_263' title='bbox 1092 3475 1201 3553; x_wconf 87' lang='lat' dir='ltr'><strong>partes</strong></span> <span class='ocrx_word' id='word_1_264' title='bbox 1214 3490 1264 3535; x_wconf 89' lang='lat' dir='ltr'><strong>ex</strong></span> 
     </span>
     <span class='ocr_line' id='line_1_31' title="bbox 86 3565 1266 3656; baseline 0.002 -24"><span class='ocrx_word' id='word_1_265' title='bbox 86 3565 201 3632; x_wconf 88' lang='lat' dir='ltr'><strong>eodem</strong></span> <span class='ocrx_word' id='word_1_266' title='bbox 226 3566 399 3652; x_wconf 87' lang='lat' dir='ltr'><strong>principio,</strong></span> <span class='ocrx_word' id='word_1_267' title='bbox 435 3574 583 3652; x_wconf 89' lang='lat' dir='ltr'><strong>tanquam</strong></span> <span class='ocrx_word' id='word_1_268' title='bbox 609 3568 711 3644; x_wconf 83' lang='lat' dir='ltr'><strong>fonte,</strong></span> <span class='ocrx_word' id='word_1_269' title='bbox 749 3589 872 3636; x_wconf 88' lang='lat' dir='ltr'><strong>summa</strong></span> <span class='ocrx_word' id='word_1_270' title='bbox 899 3576 967 3636; x_wconf 88' lang='lat' dir='ltr'><strong>arte</strong></span> <span class='ocrx_word' id='word_1_271' title='bbox 988 3573 1182 3656; x_wconf 86' lang='lat' dir='ltr'><strong>repetentis,</strong></span> <span class='ocrx_word' id='word_1_272' title='bbox 1220 3573 1266 3639; x_wconf 90' lang='lat' dir='ltr'><strong>ita</strong></span> 
     </span>
     <span class='ocr_line' id='line_1_32' title="bbox 84 3659 1264 3758; baseline 0.005 -22"><span class='ocrx_word' id='word_1_273' title='bbox 84 3679 192 3736; x_wconf 85' lang='lat' dir='ltr'><strong>tamen</strong></span> <span class='ocrx_word' id='word_1_274' title='bbox 220 3677 257 3733; x_wconf 93' lang='lat' dir='ltr'><strong>ut</strong></span> <span class='ocrx_word' id='word_1_275' title='bbox 289 3689 401 3736; x_wconf 82' lang='lat' dir='ltr'><strong>verum</strong></span> <span class='ocrx_word' id='word_1_276' title='bbox 424 3672 614 3756; x_wconf 89' lang='lat' dir='ltr'><strong>principium</strong></span> <span class='ocrx_word' id='word_1_277' title='bbox 639 3669 757 3758; x_wconf 89' lang='lat' dir='ltr'><strong>ubique</strong></span> <span class='ocrx_word' id='word_1_278' title='bbox 786 3675 884 3748; x_wconf 87' lang='lat' dir='ltr'><strong>celet,</strong></span> <span class='ocrx_word' id='word_1_279' title='bbox 916 3675 1038 3739; x_wconf 88' lang='lat' dir='ltr'><strong>etiamsi</strong></span> <span class='ocrx_word' id='word_1_280' title='bbox 1069 3659 1130 3738; x_wconf 81' lang='lat' dir='ltr'><strong>alia</strong></span> <span class='ocrx_word' id='word_1_281' title='bbox 1159 3675 1264 3743; x_wconf 86' lang='lat' dir='ltr'><strong>omnin</strong></span> 
     </span>
     <span class='ocr_line' id='line_1_33' title="bbox 85 3772 1259 3862; baseline 0.007 -24"><span class='ocrx_word' id='word_1_282' title='bbox 85 3793 167 3861; x_wconf 90' lang='lat' dir='ltr'><strong>quae</strong></span> <span class='ocrx_word' id='word_1_283' title='bbox 190 3776 302 3838; x_wconf 88' lang='lat' dir='ltr'><strong>eodem</strong></span> <span class='ocrx_word' id='word_1_284' title='bbox 315 3773 483 3859; x_wconf 87' lang='lat' dir='ltr'><strong>pertinent,</strong></span> <span class='ocrx_word' id='word_1_285' title='bbox 506 3772 733 3852; x_wconf 85' lang='lat' dir='ltr'><strong>fortitudinem,</strong></span> <span class='ocrx_word' id='word_1_286' title='bbox 756 3778 1006 3862; x_wconf 86' lang='lat' dir='ltr'><strong>temperantiam,</strong></span> <span class='ocrx_word' id='word_1_287' title='bbox 1029 3777 1181 3844; x_wconf 88' lang='lat' dir='ltr'><strong>nominet.</strong></span> <span class='ocrx_word' id='word_1_288' title='bbox 1211 3781 1259 3846; x_wconf 82' lang='lat' dir='ltr'><strong>cf.</strong></span> 
     </span>
     <span class='ocr_line' id='line_1_34' title="bbox 84 3872 1262 3972; baseline 0.006 -30"><span class='ocrx_word' id='word_1_289' title='bbox 84 3897 117 3962; x_wconf 93' lang='lat' dir='ltr'><strong>p.</strong></span> <span class='ocrx_word' id='word_1_290' title='bbox 140 3879 217 3952; x_wconf 83' lang='lat'><strong>395,</strong></span> <span class='ocrx_word' id='word_1_291' title='bbox 242 3879 275 3942; x_wconf 85' lang='lat' dir='ltr'><strong>G.</strong></span> <span class='ocrx_word' id='word_1_292' title='bbox 301 3878 344 3941; x_wconf 89' lang='lat' dir='ltr'><strong>St.</strong></span> <span class='ocrx_word' id='word_1_293' title='bbox 366 3872 480 3944; x_wconf 79' lang='grc' dir='ltr'><em>ἐὰνδὲ</em></span> <span class='ocrx_word' id='word_1_294' title='bbox 504 3879 682 3964; x_wconf 78' lang='grc' dir='ltr'><strong>μιμῶνται,</strong></span> <span class='ocrx_word' id='word_1_295' title='bbox 710 3883 893 3966; x_wconf 71' lang='grc' dir='ltr'>μιμεῖσθαι</span> <span class='ocrx_word' id='word_1_296' title='bbox 915 3875 959 3945; x_wconf 77' lang='grc' dir='ltr'><strong>τὰ</strong></span> <span class='ocrx_word' id='word_1_297' title='bbox 986 3875 1116 3959; x_wconf 77' lang='grc' dir='ltr'>τούτοις</span> <span class='ocrx_word' id='word_1_298' title='bbox 1136 3878 1262 3972; x_wconf 79' lang='grc' dir='ltr'><em>προσή-</em></span> 
     </span>
     <span class='ocr_line' id='line_1_35' title="bbox 85 3973 1263 4074; baseline 0.003 -28"><span class='ocrx_word' id='word_1_299' title='bbox 85 4003 188 4047; x_wconf 86' lang='grc' dir='ltr'><em>κοντα</em></span> <span class='ocrx_word' id='word_1_300' title='bbox 208 3973 313 4056; x_wconf 75' lang='grc' dir='ltr'><em>εὐθὺς</em></span> <span class='ocrx_word' id='word_1_301' title='bbox 333 3980 519 4059; x_wconf 80' lang='grc' dir='ltr'><em>ἐκπαίδων,</em></span> <span class='ocrx_word' id='word_1_302' title='bbox 542 3975 719 4070; x_wconf 70' lang='grc' dir='ltr'><em>ἀνδρείους,</em></span> <span class='ocrx_word' id='word_1_303' title='bbox 748 3977 940 4074; x_wconf 82' lang='grc' dir='ltr'><em>σώφρονας,</em></span> <span class='ocrx_word' id='word_1_304' title='bbox 966 3977 1096 4062; x_wconf 82' lang='grc' dir='ltr'><strong><em>ὁσίους,</em></strong></span> <span class='ocrx_word' id='word_1_305' title='bbox 1126 3986 1263 4054; x_wconf 74' lang='grc' dir='ltr'><strong>ἐλονθέι.</strong></span> 
     </span>
     <span class='ocr_line' id='line_1_36' title="bbox 85 4077 1259 4174; baseline 0.006 -25"><span class='ocrx_word' id='word_1_306' title='bbox 85 4106 165 4173; x_wconf 84' lang='grc' dir='ltr'><strong>ρους</strong></span> <span class='ocrx_word' id='word_1_307' title='bbox 189 4087 246 4148; x_wconf 84' lang='grc' dir='ltr'><strong>καὶ</strong></span> <span class='ocrx_word' id='word_1_308' title='bbox 270 4077 474 4150; x_wconf 81' lang='grc' dir='ltr'><strong>τὰτοιαῦτα</strong></span> <span class='ocrx_word' id='word_1_309' title='bbox 498 4078 617 4152; x_wconf 81' lang='grc' dir='ltr'>ινιίννα.</span> <span class='ocrx_word' id='word_1_310' title='bbox 639 4107 667 4151; x_wconf 86' lang='grc' dir='ltr'><strong>κ.</strong></span> <span class='ocrx_word' id='word_1_311' title='bbox 685 4109 712 4152; x_wconf 84' lang='grc' dir='ltr'><strong>τ.</strong></span> <span class='ocrx_word' id='word_1_312' title='bbox 734 4087 757 4153; x_wconf 82' lang='grc' dir='ltr'><strong>ἕ.</strong></span> <span class='ocrx_word' id='word_1_313' title='bbox 791 4084 838 4151; x_wconf 79' lang='lat' dir='ltr'><strong>cf.</strong></span> <span class='ocrx_word' id='word_1_314' title='bbox 860 4093 891 4154; x_wconf 87' lang='lat' dir='ltr'><strong>et</strong></span> <span class='ocrx_word' id='word_1_315' title='bbox 911 4107 944 4174; x_wconf 88' lang='lat' dir='ltr'><strong>p.</strong></span> <span class='ocrx_word' id='word_1_316' title='bbox 972 4091 1043 4164; x_wconf 88' lang='grc'><strong>395,</strong></span> <span class='ocrx_word' id='word_1_317' title='bbox 1065 4091 1105 4152; x_wconf 88' lang='lat' dir='ltr'><strong>D.</strong></span> <span class='ocrx_word' id='word_1_318' title='bbox 1149 4085 1195 4156; x_wconf 79' lang='lat' dir='ltr'><strong>od</strong></span> <span class='ocrx_word' id='word_1_319' title='bbox 1219 4087 1259 4170; x_wconf 81' lang='grc' dir='ltr'><strong>δὴ</strong></span> 
     </span>
     <span class='ocr_line' id='line_1_37' title="bbox 85 4172 1259 4280; baseline 0.007 -29"><span class='ocrx_word' id='word_1_320' title='bbox 85 4188 315 4280; x_wconf 77' lang='grc' dir='ltr'><strong>ἐπιτρέψομεν,</strong></span> <span class='ocrx_word' id='word_1_321' title='bbox 340 4172 380 4266; x_wconf 79' lang='grc' dir='ltr'><strong>ἦν</strong></span> <span class='ocrx_word' id='word_1_322' title='bbox 404 4181 436 4252; x_wconf 74' lang='grc' dir='ltr'><strong>δ’</strong></span> <span class='ocrx_word' id='word_1_323' title='bbox 463 4183 539 4272; x_wconf 76' lang='grc' dir='ltr'><strong>ἐγὼ,</strong></span> <span class='ocrx_word' id='word_1_324' title='bbox 567 4177 611 4254; x_wconf 81' lang='grc' dir='ltr'><strong>ὧν</strong></span> <span class='ocrx_word' id='word_1_325' title='bbox 636 4212 746 4280; x_wconf 76' lang='grc' dir='ltr'><em>φαμεν</em></span> <span class='ocrx_word' id='word_1_326' title='bbox 770 4185 938 4271; x_wconf 73' lang='grc' dir='ltr'><strong>κήδεσθαι</strong></span> <span class='ocrx_word' id='word_1_327' title='bbox 963 4197 1018 4257; x_wconf 81' lang='grc' dir='ltr'><strong>καὶ</strong></span> <span class='ocrx_word' id='word_1_328' title='bbox 1046 4194 1120 4258; x_wconf 74' lang='grc' dir='ltr'><em>δεῖν</em></span> <span class='ocrx_word' id='word_1_329' title='bbox 1138 4187 1259 4268; x_wconf 76' lang='grc' dir='ltr'><strong>αὐτοὺς</strong></span> 
     </span>
     <span class='ocr_line' id='line_1_38' title="bbox 86 4280 1256 4386; baseline 0.004 -29"><span class='ocrx_word' id='word_1_330' title='bbox 86 4287 212 4382; x_wconf 74' lang='grc' dir='ltr'><em>ἄνδρας</em></span> <span class='ocrx_word' id='word_1_331' title='bbox 234 4284 393 4374; x_wconf 73' lang='grc' dir='ltr'><strong>ἀγαθοὺς</strong></span> <span class='ocrx_word' id='word_1_332' title='bbox 414 4293 575 4377; x_wconf 75' lang='grc' dir='ltr'><strong>γενέσθαι</strong></span> <span class='ocrx_word' id='word_1_333' title='bbox 599 4315 628 4359; x_wconf 63' lang='grc' dir='ltr'><strong>κ’.</strong></span> <span class='ocrx_word' id='word_1_334' title='bbox 653 4315 681 4360; x_wconf 89' lang='grc' dir='ltr'><strong>τ.</strong></span> <span class='ocrx_word' id='word_1_335' title='bbox 702 4292 738 4369; x_wconf 59' lang='grc' dir='ltr'><strong>εἴ,</strong></span> <span class='ocrx_word' id='word_1_336' title='bbox 762 4312 793 4380; x_wconf 83' lang='lat' dir='ltr'><strong>p·</strong></span> <span class='ocrx_word' id='word_1_337' title='bbox 820 4296 894 4372; x_wconf 86' lang='grc'><strong>396,</strong></span> <span class='ocrx_word' id='word_1_338' title='bbox 917 4298 953 4362; x_wconf 89' lang='grc' dir='ltr'><strong>Β.</strong></span> <span class='ocrx_word' id='word_1_339' title='bbox 995 4289 1046 4363; x_wconf 77' lang='grc' dir='ltr'><strong>Εἰ</strong></span> <span class='ocrx_word' id='word_1_340' title='bbox 1070 4289 1140 4386; x_wconf 73' lang='grc' dir='ltr'><strong>ἄρ’,</strong></span> <span class='ocrx_word' id='word_1_341' title='bbox 1162 4280 1202 4377; x_wconf 81' lang='grc' dir='ltr'><strong>ἦν</strong></span> <span class='ocrx_word' id='word_1_342' title='bbox 1224 4289 1256 4362; x_wconf 75' lang='grc' dir='ltr'><strong>δ’</strong></span> 
     </span>
    </p>
   </div>
   <div class='ocr_carea' id='block_1_3' title="bbox 0 0 1660 5238">
    <p class='ocr_par' dir='ltr' id='par_1_3' title="bbox 0 0 1660 5238">
     <span class='ocr_line' id='line_1_39' title="bbox 0 0 1660 5238; baseline 0 1"><span class='ocrx_word' id='word_1_343' title='bbox 0 0 1660 5238; x_wconf 95' lang='lat' dir='ltr'><strong> </strong></span> 
     </span>
    </p>
   </div>
  </div>
 </body>
</html>
