3344 5234
468 361 806 466 'at-

99 558 182 649 μινιι
208 560 436 681 γνωρίξωρωιι
437 561 538 628 καὶ’
522 555 642 628 andren
659 561 701 628 ἐν·
714 552 763 639 οἷς
785 560 907 628 ἔνεστιν
929 553 1199 646 uindemiarum,
1227 565 1286 628 aet

101 659 188 730 αὐτὰ
210 668 267 730 ani
289 659 350 742 τὰς
370 658 498 742 εἰκόνας
520 659 637 743 αὐτῶν,
660 687 700 733 a
713 691 739 733 τ.
762 666 785 731 e‘.
816 666 957 742 Quod
932 685 958 730 m
981 667 1058 750 quid
1079 665 1173 732 video
1194 664 1286 732 Plato

100 771 168 852 ipse
188 768 335 843 lectores,
362 771 421 835 beo
444 770 681 854 comparatione
702 752 869 835 lituorum
888 769 1049 834 maiorum
1060 770 1285 834 minutiorum

100 893 161 956 qne
187 873 222 936 in
251 893 322 936 eam
342 873 526 958 opinionem
550 874 709 948 inductos,
731 879 769 938 nt
790 875 932 955 institiae
953 870 1074 938 iontem
1099 880 1195 958 atquc
1218 874 1284 940 ori-

98 979 206 1060 ginem
228 977 406 1040 incivitate
428 978 562 1061 reperiri
590 997 686 1062 posse
711 979 894 1066 crederent,
922 978 955 1040 ia
975 983 1096 1042 rectam
1122 977 1207 1042 viam
1231 995 1284 1042 re·

98 1083 218 1144 ducere
239 1078 340 1144 voluit
360 1087 426 1154 eo,'
442 1081 528 1163 quod
547 1081 608 1144 hoc
626 1079 699 1146 ioco
721 1081 833 1154 eadem
856 1081 1093 1162 comparatione
1116 1077 1282 1146 literarum

101 1203 188 1258 usus,
215 1183 340 1246 disertis
357 1184 465 1248 verbis
476 1180 621 1258 affirmat,
645 1198 709 1248 nou
720 1182 986 1268 pomciiternrum
999 1185 1152 1267 imagines
1163 1203 1282 1268 cogno-

98 1287 153 1361 sci,
179 1285 241 1350 nisi
264 1287 333 1369 quis
355 1289 438 1370 ipsas
459 1285 566 1357 literas
588 1289 730 1372 cognitas
755 1289 887 1361 babeat,
911 1289 1024 1350 eodem
1038 1290 1144 1352 *modo
1158 1307 1192 1352 se
1212 1307 1280 1352 rem

97 1393 216 1454 babere
242 1391 376 1454 innuens
404 1409 475 1454 cum
501 1392 629 1465 virtute,
653 1397 685 1452 et
706 1391 744 1452 iis
769 1387 878 1464 rebbs,
900 1409 982 1474 quae
1003 1391 1163 1466 virtutem,
1191 1393 1281 1476 quasi

97 1493 263 1576 imagines,
286 1501 536 1578 repraesentent.
572 1495 656 1570 Quid
678 1495 760 1558 enim
776 1491 897 1560 iustitia
913 1495 947 1559 in
966 1491 1091 1567 'civitate
1110 1495 1284 1560 aliudesse

96 1604 221 1682 potest,
264 1613 371 1680 quam·
386 1597 468 1662 iilius
489 1617 585 1662 verae
607 1598 763 1673 iustitiae,
800 1617 881 1682 quae
909 1598 942 1662 in
974 1599 1138 1664 bominum
1168 1599 1281 1664 animis

98 1707 200 1774 extat,
236 1700 327 1785 quasi
349 1699 454 1784 imago
480 1703 635 1794 quaedam
663 1700 776 1766 exilia
801 1707 974 1786 expressa?
1049 1703 1052 1708 '
1141 1741 1145 1752 ›

181 1809 286 1889 Atque
317 1805 361 1868 ita
391 1807 466 1868 satis
495 1803 683 1887 explicatum
712 1823 780 1869 esse
807 1813 973 1889 putamus,
1008 1809 1094 1892 quod
1123 1798 1281 1872 Scbieier-

96 1907 268 1974 macherus
292 1904 425 1992 intelligi
450 1928 516 1973 noa
541 1925 635 1991 posse
662 1916 844 1995 putaverat,
883 1930 960 1988 eur,
999 1912 1026 1973 si
1055 1911 1096 1974 in
1114 1910 1280 1993 republica

97 2021 278 2079 versaretur
304 2011 426 2087 oratio,
463 2014 655 2078 contrariam
679 2014 817 2096 speciem
841 2014 929 2092 Plato
955 2016 1162 2079 excitaverit:
1203 2012 1285 2089 Wiii.
1386 2023 1387 2026 ’

96 2139 169 2182 man
192 2119 271 2180 aber
292 2107 373 2182 doch
400 2137 463 2181 von
485 2118 606 2180 diesem
625 2103 730 2181 Punirt
755 2121 932 2202 ausgeben,
965 2121 1037 2182 dass
1063 2120 1114 2182 die
1141 2116 1280 2183 Darstel·

97 2220 171 2304 iung
192 2223 247 2286 des
273 2224 394 2284 Staates
419 2224 478 2285 der
503 2219 690 2304 cigentlicbe
719 2223 933 2306 Hauptzwedr
953 2223 1015 2295 sei,
1046 2243 1082 2292 so
1099 2226 1183 2289 wire
1198 2223 1280 2288 docb

98 2326 193 2388 kaurn
215 2345 254 2388 zu
279 2325 454 2407 bcgreiien,
495 2343 616 2390 warum
641 2325 826 2414 absicbtiiob
851 2324 908 2389 der
934 2326 1048 2390 Schein
1076 2329 1132 2392 des
1159 2326 1280 2412 Gegen·

99 2426 189 2492 theiis
212 2429 463 2512 hervorgeruien
489 2431 604 2493 wire.»
641 2429 689 2492 Cf.
718 2451 749 2512 p.
777 2432 827 2492 ot.
857 2433 889 2492 et
912 2431 963 2492 65.
991 2430 1108 2493 introd.
1148 2467 1150 2476 ,
1235 2451 1238 2462 ¹

181 2533 289 2607 Idem,
327 2552 423 2615 quum
453 2533 711 2618 praetervidisset
745 2533 888 2614 iustitiae.
912 2533 1128 2616 quaestionem
1159 2535 1199 2598 ad
1225 2554 1280 2598 ex-

98 2636 265 2700 truendam
285 2637 458 2721 perfectam
473 2631 648 2700 'civitatem'
672 2638 883 2702 necessariam
908 2656 995 2711 esse,
1025 2655 1158 2721 eamque
1183 2641 1278 2714 adeo,

97 2745 203 2804 mente
223 2737 334 2804 saltem
356 2745 386 2803 et
409 2735 616 2823 cogitatione,
643 2742 838 2824 praecedere
861 2741 992 2820 debere,
1017 2743 1133 2826 quippe
1151 2743 1185 2805 in
1203 2763 1277 2825 qua,

97 2849 245 2928 tanquam
275 2843 481 2907 fundamento
503 2841 698 2918 aediticium,
730 2843 838 2908 civitas
864 2863 935 2908 cnm
960 2846 1106 2908 omnibns
1135 2846 1279 2930 partibus

97 2949 161 3010 suis
186 2947 361 3026 niteretur,
390 2969 447 3011 sua
469 2954 588 3032 tantum
615 2967 709 3011 cansa
731 2947 883 3012 iustitiam
903 2947 1055 3043 explicari
1075 2956 1199 3034 putans,
1227 2971 1279 3014 ra-

97 3053 216 3116 tionem
239 3051 431 3136 modumque
453 3071 515 3138 qua
537 3053 674 3116 iustitiae
689 3053 832 3134 quaestio
848 3072 920 3115 cnm
936 3052 1120 3136 quaestione
1142 3055 1181 3116 de
1201 3055 1278 3116 civi-

96 3162 158 3218 tate
180 3155 352 3218 coniuncta
373 3155 424 3228 sit,
453 3153 565 3239 piane
575 3145 749 3220 abhorrere
774 3176 792 3219 a
815 3163 903 3219 recta
926 3145 1049 3219 ratione
1076 3156 1275 3222 existimavit.

97 3256 191 3340 Cfmp
207 3256 265 3330 65,
290 3258 405 3322 introd.
439 3259 503 3324 Nos
525 3257 607 3322 inira
629 3259 859 3333 docebimus,
850 3281 883 3322 m
905 3257 954 3322 his
977 3260 1084 3323 omnia
1103 3259 1277 3326 rectissime

94 3357 284 3436 rehabere,
313 3363 512 3446 partiumque
539 3363 645 3446 operis
676 3361 926 3448 dispositionem,
954 3364 980 3425 si
1007 3383 1025 3426 a
1049 3365 1154 3449 primo
1181 3362 1276 3439 libro,

96 3467 183 3551 quod
212 3467 377 3549 prooemii
396 3467 496 3529 instar
525 3471 589 3540 est,
628 3472 661 3529 et
693 3487 712 3530 a
746 3463 914 3530 Glauconis
940 3473 1034 3552 atque
1061 3469 1218 3531 Adimanti
1244 3469 1277 3531 ia

93 3571 205 3655 priore
226 3570 356 3632 secundi
374 3566 446 3632 libri
461 3567 550 3654 parte
565 3567 702 3634 iustitiae
718 3571 1015 3654 vituperationibus,
1043 3568 1157 3656 quibus
1175 3571 1277 3635 aditus

94 3675 132 3738 ad
159 3675 265 3758 ipsum
292 3691 471 3738 sermonem
496 3673 718 3758 praeparatur,
742 3657 941 3758 'recesserim
977 3680 1008 3736 et
1033 3676 1136 3760 ipsum
1163 3675 1277 3760 Operis

94 3795 212 3862 corpus
234 3775 424 3860 respexeris,
452 3776 544 3862 plane
560 3797 629 3840 eam
647 3795 724 3848 esse,
754 3797 848 3860 quam
864 3761 1275 3854 Schleiermachernsvetit,

93 3879 167 3945 licet
194 3876 289 3943 aliam
316 3876 357 3944 ob
384 3901 531 3955 cansam,
567 3899 662 3964 quam
687 3873 744 3944 ille
762 3878 847 3948 velit.
890 3883 969 3944 Nam
993 3884 1181 3957 tenendum,
1211 3901 1277 3946 non

93 3984 237 4069 potuisse
261 3983 381 4057 doceri,
411 3985 584 4067 inquere
606 3984 739 4047 civitatis
760 3983 849 4069 prins
869 3983 1033 4059 conditae,
1058 3985 1091 4048 id
1112 3988 1198 4068 quod
1222 3987 1278 4049 tia-

95 4089 174 4170 gitat
200 4084 522 4162 Schleiermacberus,
551 4087 668 4151 iustitia
693 4094 730 4150 et'
745 4077 954 4174 temperantia
975 4089 1078 4174 posita
1094 4091 1143 4162 sit,
1166 4089 1226 4152 nisi
1242 4085 1276 4152 ia

96 4191 262 4255 condenda
288 4189 413 4254 civitate
438 4185 546 4255 earum
569 4187 721 4274 virtutum
745 4189 950 4277 exemplaria,
971 4205 1060 4276 'quae
1090 4180 1162 4256 sunt
1183 4211 1276 4277 repe-

97 4296 194 4358 tenda
208 4313 248 4358 ex
263 4294 386 4369 animo,
410 4301 483 4360 ante
504 4293 743 4369 oculos‘babeat
755 4297 925 4376 conditum
936 4297 1164 4382 uirtutnmque
1180 4298 1276 4366 disci-
