3312 5238
860 367 1097 436 ..135¹-

387 526 535 614 etipsud
560 525 721 604 estates
750 530 865 595 bonam
887 527 1047 607 reddunt,
1083 525 1170 616 quod
1196 524 1566 616 significavil'Sslrleier«

388 636 572 706 macheras,
606 652 752 708 monens,
786 654 850 698 non
871 633 962 698 faoile
995 635 1073 720 quid
1099 636 1356 718 reprehensionis
1384 634 1565 700 habituram

386 733 765 805 hsnu'teonstruetionem
805 735 831 804 si
865 734 1043 822 respublica
1079 736 1240 803 Platonica
1274 737 1475 821 respiciatur.
1528 739 1564 801 Id

383 847 491 905 tamen
512 847 599 906 certe
616 837 716 904 'efficit
736 843 816 905 haeo
836 839 974 906 Platonis
994 838 1087 914 ratio,
1110 848 1145 906 ut
1159 843 1219 906 nisi
1234 844 1288 928 qui
1304 849 1448 906 aeeurate
1464 847 1565 904 atten-

385 941 462 1010 dant
483 951 516 1008 et
537 965 663 1008 omnem
685 944 791 1026 operis
813 950 956 1008 naturam
984 952 1015 1010 et
1039 963 1244 1029 progressum
1265 943 1434 1029 diiigenter
1455 963 1565 1030 perse-

386 1054 526 1134 quantur
545 1046 627 1112 nihil
646 1045 840 1120 desiderent,
873 1047 932 1111 nee
960 1049 1110 1112 iustitiam
1136 1069 1200 1114 non
1222 1047 1333 1132 quaeri
1353 1049 1500 1114 sentiant.
1524 1083 1564 1097 -

384 1156 484 1218 scuto
511 1171 610 1234 porro
635 1152 715 1219 vidit
743 1149 1210 1218 Sohleiermaeherusmultnm
1239 1150 1482 1235 vituperationis
1511 1155 1565 1216 ha·

385 1257 476 1331 ltere,
500 1257 585 1340 quod
607 1253 725 1330 iustitia
745 1261 907 1339 postremo
928 1255 1010 1328 loeo,
1030 1274 1090 1318 nee
1111 1263 1196 1322 reeta
1218 1255 1412 1329 inveniatur,
1436 1257 1494 1320 sed
1516 1257 1565 1319 in-

385 1358 488 1426 ventis
508 1358 636 1426 demum
659 1359 787 1433 ceteris,
808 1357 1013 1440 tunquamid
1034 1361 1119 1442 qnod
1140 1360 1378 1443 ism‘reliquum
1393 1359 1443 1433 sit,
1468 1378 1565 1444 appu·

385 1470 473 1530 neate
510 1463 604 1540 Quod
624 1462 769 1545 profecto
790 1457 864 1524 fieri
881 1480 944 1528 non
966 1463 1085 1544 potuit,
1106 1463 1142 1526 si
1157 1461 1313 1528 ‘iustitiam
1335 1461 1425 1526 Plato
1445 1463 1481 1524 in
1503 1464 1564 1526 hoo

387 1585 506 1650 opere,
536 1585 596 1631 nee
616 1563 786 1650 quidquam
805 1563 892 1630 eliud
915 1573 1091 1650 quaereret
1135 1568 1213 1630 Nam
1235 1566 1313 1651 quid
1333 1564 1563 1650 tumsreliquas

385 1669 517 1751 virtutes
539 1671 668 1734 omnino
690 1688 845 1755 quaerero
866 1667 1039 1734 attinebat?
1068 1689 1124 1738 eur
1150 1689 1215 1733 non
1243 1677 1330 1734 reeta
1351 1671 1391 1734 ad
1412 1667 1563 1733 iustitiam

385 1771 541 1860 pergebat
562 1771 684 1842 orutioi
726 1775 822 1838 Reote
844 1773 927 1838 enim
950 1773 1106 1856 explicata
1127 1773 1225 1838 animi
1247 1779 1369 1848 natura,
1393 1774 1458 1836 iam
1482 1771 1563 1838 diffi-

385 1878 446 1952 cile
473 1900 539 1944 nou
567 1878 643 1952 fnit,
676 1876 827 1943 iustitiam
855 1875 1022 1962 explicare.
1064 1873 1162 1942 Nebis
1189 1866 1318 1962 quidem
1343 1878 1393 1940 his
1414 1878 1563 1942 omnihus

385 2002 447 2046 una
467 1988 589 2048 tanturn
610 1979 736 2052 ridetur
756 1982 892 2046 inveniri
913 2000 1008 2066 posse
1028 2001 1106 2046 vera
1128 1981 1305 2066 excusatio,
1328 1979 1508 2058 Platonem,
1531 1987 1564 2044 nt

385 2085 520 2158 civitatis
540 2083 681 2148 instituta
703 2087 809 2148 omnin
830 2087 879 2148 ad¹
891 2084 1042 2148 iustitiam
1062 2092 1243 2159 revooaret,
1279 2103 1381 2170 eaque·
1404 2103 1445 2160 en
1465 2082 1563 2148 laeui·

356 2189 501 2258 ,tatibus
523 2185 619 2253 animi
641 2186 792 2272 singulis,
822 2185 1053 2272 virtutibusque
1080 2190 1216 2270 repetita
1245 2196 1278 2252 et
1310 2203 1461 2273 expressa
1492 2207 1563 2254 esse

387 2293 526 2366 doceret,
549 2293 630 2354 hane
644 2289 800 2356 rationem
815 2298 957 2356 secutum
971 2311 1054 2356 esse.
1068 2327 1109 2340 -
1124 2293 1228 2368 Quam
1240 2291 1391 2374 deinceps
1407 2289 1564 2356 Schleier·

386 2395 565 2462 macheras
583 2392 669 2460 dedit
697 2402 849 2479 matter»
864 2393 1015 2461 virtutum
1048 2417 1091 2460 exv
1110 2396 1249 2462 eivitute
1268 2394 1436 2480 repetitam
1466 2393 1564 2460 dedu·

387 2498 541 2575 monem,
569 2518 607 2564 ea
627 2497 707 2564 falsa
728 2507 784 2563 est.
829 2501 874 2562 Ae
889 2519 977 2565 rere
999 2498 1128 2584 quidem
1149 2498 1335 2582 sapientiam
1355 2507 1453 2582 atque
1473 2496 1563 2564 lorti·

387 2603 530 2670 tudinem
552 2601 735 2686 descripsit3
755 2600 857 2668 tatem
877 2621 956 2668 verow
976 2605 1079 2668 est-in
1100 2603 1294 2687 explioandis
1314 2603 1449 2687 reliquis
1466 2605 1562 2667 virtu·

386 2705 495 2783 tibus,
526 2710 611 2792 quod
632 2725 714 2782 neu,
738 2707 785 2771 ut
811 2728 832 2771 a
850 2706 986 2772 'Platone
1007 2708 1128 2773 laetum
1150 2713 1217 2781 est,
1248 2705 1382 2770 'virtutes
1404 2727 1445 2770 ex
1467 2707 1563 2770 animi

387 2807 588 2876 facultatibus
604 2810 782 2892 ¹repetivit,
810 2811 868 2875 sed
892 2825 936 2874 ‘ex
965 2812 1089 2874 civitate
1111 2831 1164 2874 eas
1185 2811 1348 2875 Platonem
1369 2829 1447 2875 vere
1468 2830 1562 2896 repe-

386 2913 496 2984 tivisse
511 2913 743 2978 ‘existimavit
780 2915 891 2999 Itaque
918 2915 1074 2980 rationem
1102 2923 1267 2978 externam
1293 2923 1433 2994 secutus,
1473 2912 1563 2979 obse·

388 3019 551 3105 qninmzet
564 3018 760 3082 industriam
781 3020 892 3082 adesse
913 3015 1033 3087 debere
1053 3019 1228 3094 existimat,
1263 3025 1296 3083 ot
1319 3020 1443 3103 priores
1465 3021 1565 3082 virtu·

385 3131 435 3188 tes
456 3122 580 3206 possint
601 3141 683 3186 esse.
728 3123 798 3186 Non
820 3120 911 3195 male,
933 3119 960 3187 si
982 3141 1032 3186 res
1054 3141 1113 3204 per
1127 3142 1174 3198 se,
1197 3131 1233 3186 ut
1247 3142 1286 3186 ex
1301 3129 1429 3187 nostrae
1451 3123 1564 3186 aetatis
1637 3107 1638 3124 ¹

387 3226 810 3310 opinionibtts,'speetetur.
858 3225 901 3291 'At
932 3227 1104 3292 seeundum
1138 3228 1352 3299 Graecorum,
1385 3244 1444 3290 neo
1469 3223 1564 3308 evulgi

289 3415 292 3422 Ι
387 3330 490 3396 solum
511 3330 684 3396 sedetiam
706 3327 969 3416 philosophorum
989 3329 1185 3405 sententiam,
1200 3331 1396 3413 obsequium
1420 3337 1451 3392 et
1472 3327 1565 3392 indue

384 3432 464 3500 stria
482 3453 552 3517 per
579 3437 614 3498 se
640 3431 774 3498 virtutes
800 3452 864 3498 non
890 3430 1096 3497 habebantur.
1140 3434 1295 3518 Oooupari
1317 3434 1402 3496 enim
1424 3433 1565 3516 negotiis

385 3542 425 3604 ad
447 3535 563 3602 vietum
585 3537 832 3619 comparandum
854 3538 1041 3602 necessariis
1067 3546 1159 3622 turpe
1187 3534 1357 3601 admodum
1379 3531 1562 3620 putubatur.

388 3641 435 3708 cf.
459 3637 603 3724 pellib.
628 3639 740 3724 1ch.
764 3643 835 3713 590,
860 3641 894 3705 C.
917 3661 984 3725 sqq.
1027 3645 1071 3704 Ac
1098 3630 1316 3726 mirumsane
1345 3637 1489 3704 accidere
1512 3637 1565 3702 de·

386 3748 487 3820 beret,
511 3745 544 3808 siv
558 3745 682 3809 Platoni
704 3764 889 3828 persuasum
910 3741 1034 3817 luisset,
1053 3765 1116 3808 nou
1137 3747 1177 3808 ab
1200 3744 1270 3830 ipso
1292 3745 1472 3826 propositas
1487 3763 1564 3826 qua-

385 3851 462 3914 tuor
481 3847 630 3924 virtutes,
657 3850 789 3913 sedeas
811 3869 889 3934 quas
911 3836 1218 3915 Schleie'rmaeherus
1240 3867 1349 3912 earum
1370 3848 1441 3910 loeo
1464 3845 1563 3931 ponit,
1637 3891 1638 3902 ,

387 3950 517 4034 explere
538 3967 665 4016 omnem
686 3954 809 4018 virtutis
832 3951 984 4017 ambitum
1005 3950 1039 4016 in
1062 3951 1198 4028 civitate,
1225 3954 1309 4035 quod
1331 3971 1395 4015 non
1416 3952 1484 4023 has,
1510 3947 1563 4014 sed

384 4053 473 4132 illas,
501 4075 566 4121 non
588 4057 774 4140 obsequium
797 4066 828 4121 et
849 4055 1052 4130 industriam,
1082 4059 1137 4120 sed
1159 4056 1398 4137 temperantiam
1423 4055 1563 4118 etiusti·
1637 4083 1638 4088 ¹

387 4161 463 4234 tiam
485 4160 518 4223 in
541 4157 691 4224 virtutum
714 4163 804 4245 quasi
826 4161 957 4224 chorum
978 4162 1144 4242 receperit.
1189 4162 1266 4222 Nam
1288 4157 1320 4222 id
1341 4159 1454 4242 ipsum,
1478 4157 1563 4239 quod

387 4261 516 4330 siillud
537 4262 693 4350 elegisset,
714 4263 842 4330 inventa
863 4263 991 4334 omnino
1013 4284 1077 4328 uon
1099 4270 1183 4330 esset
1203 4260 1329 4337 iustitia,
1352 4261 1440 4326 ossius
1455 4267 1561 4325 tamen
