3298 5232
563 383 799 450 -151-

82 543 185 612 Multo
214 555 293 610 vero
327 542 670 630 graviora'istis'sunt
700 545 800 610 rerba
830 544 978 631 prox'ima
1004 544 1188 632 sequeutia,
1226 549 1273 616 ex'

82 651 202 737 quihus
224 656 320 735 patet,
348 669 419 714 οοιιι
444 670 481 714 en
507 667 589 733 quae
611 647 771 715 dictasint
789 658 855 732 aru
875 651 1024 729 etrusc,
1042 657 1111 718 tum
1133 650 1270 726 dicenda

82 751 200 828 adhuc,
226 751 260 818 in
276 751 407 818 civitate·
423 752 558 830 versari,
582 760 744 837 totamque
765 754 983 839 quaestionem
1003 752 1038 818 in
1059 757 1138 820 dnus
1152 763 1269 840 partes,

82 857 208 922 ambitu
229 876 342 940 pares,
371 857 534 932 distribui,
558 854 963 924 aiteram-ANAPEIOY
983 857 1269 940 ΔΡΑΜΑΤΟΣ,

84 961 217 1026 alteram
241 957 548 1026 ΓΥΝΑΙΚΕΙΟΥ
568 958 844 1026 ΛΡΑΜΑΤΟΣ
853 959 1009 1026 vocabulo
1028 960 1271 1046 insigniendum.

84 1068 176 1130 Hane
203 1064 351 1130 remonte
378 1065 412 1126 ίιι
440 1063 517 1126 dnos
538 1071 645 1145 portes
672 1063 913 1128 distributionem
935 1064 1112 1147 intepretes
1131 1067 1274 1148 proeter-

82 1171 241 1241 viderunt,
274 1187 366 1250 quom
390 1168 439 1230 irie
463 1166 523 1232 τοῦ
545 1161 698 1255 ἀνδρείου
723 1175 751 1230 et
773 1167 960 1250 γυναικείου
987 1163 1158 1256 ὁράματος
1182 1189 1279 1234 νοοο···

84 1275 163 1338 ίιιίίι
187 1291 257 1338 ooo·
267 1278 373 1353 parter
399 1271 502 1352 operio
528 1270 680 1345 indicari,
709 1271 760 1334 red
782 1270 933 1334 dictorum
954 1271 1203 1356 ἀίοονιίοιιιιοοιιο
1222 1276 1273 1337 in-

83 1379 181 1444 dolem
211 1375 379 1460 uynifionrt’
402 1375 564 1439 crederent.
617 1374 662 1437 Et
689 1381 759 1438 stent
786 1393 859 1438 eone
883 1375 1060 1454 ποιητικῶς
1081 1377 1181 1452 dieto,
1218 1397 1277 1444 terr·

82 1482 145 1548 τοῦ
174 1478 361 1565 γυναικείου
392 1471 563 1564 δράμανος
581 1477 723 1542 οοοοίνίο
745 1497 820 1560 quae
840 1477 978 1544 dicentur
1004 1481 1110 1542 emoto
1139 1481 1275 1564 eorrrpre-¹

82 1586 271 1658 tenduntur,
306 1582 427 1646 etiamsi
443 1601 512 1644 erem
529 1601 565 1646 eo
583 1582 769 1663 quaestione,
795 1601 887 1664 οιιοινι
906 1583 962 1647 troo
985 1583 1127 1648 wareto
1147 1588 1275 1668 proprie

82 1689 235 1771 insiqnire
255 1688 339 1760 lieet,
367 1705 458 1768 qnam
485 1685 655 1748 orotirrime
679 1685 865 1748 cohaereant.
909 1687 988 1750 Nam
1008 1685 1272 1772 philosophorum

83 1793 327 1877 magistratuum
361 1790 503 1853 nondum
531 1789 636 1872 potuit
657 1785 720 1853 hoe
742 1786 815 1853 loco
842 1790 1034 1854 mentionem
1057 1787 1181 1866 facua,
1211 1792 1276 1857 nisi

84 1900 126 1962 de
151 1896 259 1981 operis
287 1891 351 1958 fine
380 1898 475 1976 atque
500 1890 633 1956 oonsilio
655 1890 823 1956 enoitutam
844 1893 983 1974 speeiem
1007 1895 1139 1961 turbare
1160 1894 1271 1973 vellet,

84 2008 118 2066 et
148 1995 337 2064 incivitate
370 1992 581 2062 describenda
605 1994 726 2060 versari
758 2015 940 2061 sermonemv
969 1995 1133 2074 indicare,
1172 2020 1271 2084 quum

83 2103 150 2170 iam
175 2101 309 2168 dixisset
330 2103 425 2164 tertio
445 2098 532 2165 libro
552 2096 592 2164 de
616 2097 864 2184 magistratibus,
879 2103 946 2164 'neo
964 2101 1007 2166 ita
1028 2108 1137 2187 posset
1158 2117 1197 2168 ea
1219 2123 1272 2173 rut

85 2209 206 2274 omissa
230 2207 348 2271 videri.
394 2205 452 2268 Sed
468 2205 514 2268 ito
530 2205 789 2286 doynlnenportes
811 2206 962 2268 orationis
987 2213 1132 2288 torquem
1156 2209 1275 2272 ineolu-

84 2314 149 2377 orir
173 2310 349 2394 quibudam
375 2309 600 2390 cooperiendae,
628 2316 655 2372 et
680 2309 815 2390 oestiqr'is
845 2309 949 2374 leviter
975 2316 1093 2373 tontum
1116 2311 1278 2394 impressis·

84 2416 265 2480 indieaodoe
280 2415 434 2496 ,[οονιινιε,
472 2431 510 2476 ne
533 2412 727 2493 perspioueoo
751 2413 836 2493 fieret
865 2413 900 2474 in
924 2431 984 2494 quo
997 2467 1000 2472 .
1013 2431 1048 2476 re
1075 2415 1175 2495 operio
1199 2417 1276 2497 finit

84 2539 154 2584 oeoe
177 2519 296 2600 positus
316 2526 405 2590 erret,
422 2517 576 2597 pottienoo
597 2515 711 2580 indoles
731 2515 846 2597 dioiooi
866 2517 1013 2580 interiret
1025 2525 1054 2580 et
1078 2536 1158 2585 mere
1169 2518 1273 2599 pitito-

85 2623 242 2705 sophiram
268 2629 412 2684 notorem
437 2620 590 2692 indueret,
619 2637 672 2684 neo
696 2629 794 2682 tameo
815 2627 927 2682 attento
950 2640 987 2684 οο
1009 2621 1146 2703 ditioeoti
1167 2622 1276 2686 teotori

79 2728 225 2812 portium
247 2725 347 2806 operis
372 2741 445 2786 vero
472 2723 553 2786 ratio
578 2722 714 2786 indicato
740 2741 802 2786 noo
828 2732 913 2786 esset.
935 2757 977 2772 -
999 2723 1065 2788 Cur
1085 2731 1190 2790 autem
1213 2728 1278 2790 soe

86 2835 190 2895 crates
213 2847 280 2893 non
309 2828 389 2892 haee
414 2827 509 2890 etiam
531 2845 613 2911 qnae
639 2827 824 2891 decivitate
847 2825 981 2892 dicenda
1004 2828 1146 2905 inerunt,
1173 2827 1271 2914 snpra

86 2933 248 3017 exposuit,
275 2951 373 3016 quum
393 2928 427 2994 in
449 2949 487 2995 ea
506 2931 692 3014 quaestione
713 2936 798 2996 totus
816 2935 918 2995 esset?
961 2933 1030 2996 Hae
1054 2951 1126 2999 enm
1149 2932 1272 2998 ratione

86 3044 281 3102 sumntum
316 3035 432 3110 firisse,
471 3040 508 3096 ut
538 3031 631 3098 aliam
665 3034 749 3098 viam
773 3035 1017 3118 ingrederetur,
1056 3033 1266 3101 arbitramur:

86 3139 238 3210 Volneret
266 3137 424 3208 civitatem
449 3137 623 3222 perfectam
648 3144 834 3214 exstruere,
865 3156 946 3222 quae
966 3139 1009 3202 nd
1024 3138 1163 3204 iustitiae
1183 3139 1277 3207 simi--

85 3245 253 3310 litudinem
279 3244 361 3307 iacta
386 3247 486 3316 esset,
519 3238 662 3306 voluerat
681 3242 765 3304 huno
790 3243 824 3305 in
844 3238 940 3306 finem
966 3241 1127 3308 declarare
1148 3241 1270 3310 iustitia

87 3350 157 3436 ipsa
188 3345 265 3432 qnid
296 3344 428 3424 osset*),
464 3342 611 3410 voluerat
637 3343 744 3410 omnia
776 3343 822 3410 sio
849 3346 1017 3411 instituere
1049 3352 1085 3411 ut
1116 3345 1269 3412 iustitiam

87 3451 201 3538 quaeri
227 3449 363 3515 lectores
393 3446 634 3514 arbitrarentur.
668 3451 787 3534 arsque
813 3450 950 3534 primunr
974 3447 1184 3515 simulandum
1208 3447 1270 3517 tuit

158 3609 182 3677 *)
210 3613 340 3665 Miramur
367 3627 429 3664 saue
453 3613 524 3676 quod
549 3613 704 3675 interpretes
722 3614 798 3663 muitt
818 3627 849 3665 eo
870 3613 941 3674 quod
960 3609 1050 3676 Pluto,
1080 3616 1159 3665 etiem
1178 3614 1267 3678 legum

86 3704 156 3756 libro
183 3701 205 3752 I.
232 3713 258 3764 p.
285 3701 346 3752 631.
374 3715 433 3766 sqq.
461 3701 509 3752 111.
538 3701 600 3752 688.
629 3715 688 3765 squ.
712 3701 774 3754 693.
795 3693 924 3754 lv.io5.
945 3699 1059 3767 D.sqq'.
1080 3702 1143 3754 707.
1164 3704 1265 3756 n.v1.

85 3795 150 3846 770.
171 3805 230 3856 tuq.
251 3790 294 3842 ed.
315 3789 353 3842 St.
372 3793 506 3842 civitatem
530 3792 563 3843 ad
591 3779 734 3854 pertertare
760 3793 884 3844 virtutem
904 3797 1031 3856 unquam
1049 3793 1083 3845 ed
1102 3807 1221 3845 normam
1241 3800 1267 3845 et

86 3882 205 3948 reguiam
224 3881 436 3942 componendum
455 3893 513 3932 erse
532 3881 621 3934 mutor
640 3881 733 3942 deret,
759 3893 814 3932 nou
832 3881 940 3933 rdduett
965 3887 1028 3932 suut
1051 3889 1082 3933 ut
1106 3887 1265 3944 statuerent,

86 3974 157 4024 hane
175 3970 208 4021 de
228 3971 328 4020 turttttr
345 3971 529 4034 quaestionem
548 3975 651 4022 tontum
670 3970 834 4034 retpuotteoe
854 3983 935 4024 rause
954 3973 1067 4024 institut.
1098 3973 1166 4026 Nem
1179 3974 1205 4024 td
1219 3987 1267 4036 uer

86 4076 114 4115 re
133 4063 225 4124 petet,
253 4058 349 4113 bonum
373 4061 507 4110 civitatem
526 4062 583 4112 rtur
601 4063 702 4114 tnrttttr
721 4075 779 4113 erse
798 4073 851 4112 noo
870 4073 964 4124 posse,
990 4066 1083 4115 ooutrr
1101 4075 1164 4116 raro
1183 4075 1267 4127 qure-

86 4154 202 4202 ottonem
221 4148 254 4201 de
274 4151 376 4199 iustitia
395 4151 452 4200 stne
472 4153 628 4214 quaestione
647 4150 681 4201 de
700 4150 837 4217 republica
850 4154 950 4214 optime
965 4152 1058 4204 oonfiet
1072 4166 1159 4216 posse.
1189 4151 1266 4214 Quae

87 4253 172 4304 quum
191 4239 312 4299 turtur,
339 4241 476 4300 sequitur,
501 4243 526 4290 et
551 4242 597 4304 qut
617 4239 809 4302 rempubttoam
827 4243 954 4303 opttmem
973 4241 1126 4326 derertbere
1145 4219 1208 4294 velit
1226 4254 1266 4292 or-

88 4326 217 4380 dteodum
236 4339 293 4378 esse
311 4339 328 4377 n
346 4327 456 4378 tusttttr.
