3298 5232
560 411 794 477 -159-

74 570 170 636 σθαι
190 560 248 659 ὑφ’
270 567 392 636 ἑαυτῶν
415 559 498 636 ὅταν
517 563 615 656 μόνοι
636 565 850 661 πορεύωνται.
886 570 964 648 Quis
980 571 1143 637 Socratem
1158 565 1262 661 άργὸν

72 666 136 753 τὴν
150 665 303 740 διάνοιαν
317 674 460 750 babebit,
484 675 539 757 qui
554 692 667 740 eorum
681 695 806 742 memor
820 677 870 751 sit,
894 693 974 760 quae
986 672 1070 741 libro
1083 677 1126 740 ΙΙ.
1137 696 1171 762 p.
1184 675 1258 742 368.

70 776 241 860 professus
268 785 354 842 erat:
385 779 519 844 δέδοικα
546 773 628 868 γάρ,
658 774 704 865 μὴ
734 775 806 845 οὐδ’
832 770 926 845 ὅσιον
952 764 972 872 ᾗ
994 774 1261 868 παραγενόμενον

71 876 271 975 δικαιοσύνῃ
282 883 549 974 κακηγορουμένῃ
559 877 776 971 ἀπαγορεύειν
793 887 848 950 καὶ
865 880 911 970 μη
925 885 1071 968 βοηθεῖν
1086 882 1135 949 ἔτι
1147 884 1260 969 ἐμπνέ-

70 1007 157 1052 οντα
174 989 230 1051 xci
249 981 431 1072 δυνάμενον
452 989 686 1076 φθέγγεσθαι.
730 988 809 1052 Sunt
826 988 924 1070 igitur
937 989 1016 1052 baec
1034 986 1147 1053 eodem
1163 990 1260 1054 modo
1310 990 1313 997 '

70 1086 173 1165 dicta,
197 1108 262 1174 quo
280 1089 374 1173 plane
394 1090 522 1174 gemina
542 1089 576 1154 in
597 1089 696 1173 primi
715 1088 791 1155 libri
810 1088 892 1166 fine,
915 1085 953 1157 osi
971 1093 1083 1175 μέντοι
1098 1092 1207 1168 καλῶς
1223 1115 1260 1177 ys

71 1193 245 1278 εἱστίαμαι
267 1217 296 1260 κ.
318 1217 346 1260 τ.
368 1194 404 1271 a‘.,
426 1200 462 1259 nt
483 1200 515 1258 et
535 1193 671 1279 partium
694 1195 906 1277 operis-ratio
928 1192 1068 1278 legitima
1088 1193 1258 1272 celaretur,

71 1304 104 1362 et
133 1316 220 1362 nora
247 1299 287 1362 <le
316 1296 444 1362 civitate
473 1297 655 1379 disputandi
676 1297 817 1370 occasio,
845 1297 973 1363 nonnisi
994 1307 1137 1363 accurate
1159 1305 1261 1364 atten-

69 1398 224 1466 dentibus
245 1407 425 1485 perspecta,
449 1398 654 1483 arriperetur,
679 1403 766 1487 quod
786 1398 858 1466 fieri
876 1402 1021 1466 videmus
1042 1400 1167 1468 verbis:
1191 1403 1260 1480 ταῖς

71 1499 293 1584 διατάξουσιν
308 1499 395 1569 αὐτά
410 1507 443 1570 οἱ
457 1500 613 1594 ἄρχοντες
627 1500 812 1591 γιγνόμενα.
831 1506 959 1589 >Pugnat
969 1507 1054 1570 enim
1069 1527 1176 1571 secum
1191 1505 1260 1593 ipse

69 1612 136 1676 boo
164 1607 236 1674 loco
268 1610 433 1683 Socrates,
469 1609 542 1691 qui,
579 1629 672 1692 quem
699 1609 735 1673 ale
761 1610 895 1673 instituti
914 1611 1044 1676 utilitate
1064 1612 1162 1675 dicere
1182 1611 1260 1676 nolle

69 1715 237 1793 videreta,
259 1708 321 1798 ἐμά
343 1705 374 1777 δ’
400 1707 492 1802 ᾤμην
513 1709 548 1777 ἔκ
569 1735 605 1796 γε
627 1711 688 1776 τού
709 1713 821 1800 ἑτέρου
846 1706 1109 1802 ἀποδράσεσθαι
1115 1763 1123 1795 ,
1153 1714 1189 1780 εἴ
1205 1737 1259 1781 σοι

71 1812 197 1898 δόξειεν
218 1811 386 1908 ὠφέλιμον
407 1804 502 1892 εἶναι,
525 1811 643 1880 λοιπὸν
665 1816 701 1880 δὲ
722 1809 763 1895 δή
784 1839 843 1900 μοι
866 1815 1010 1883 ἔσεσθαι
1030 1816 1180 1904 περὶτοῦ
1202 1820 1260 1883 δυ-

69 1920 179 1988 νατοῦ
206 1924 262 1986 καὶ
289 1912 352 2003 μήτ
381 1919 550 1984 utstatim
579 1916 688 1984 dicere
710 1926 819 2002 posset
845 1920 886 1984 de
912 1929 1077 1986 ecetram
1095 1922 1167 2002 fieri
1184 1921 1257 1986 boae

67 2032 212 2107 possuit,
240 2043 282 2088 oa
300 2041 379 2097 aaa,
407 2029 513 2086 tamen
534 2023 613 2086 boae
635 2041 816 2088 sermonem
825 2049 839 2098 ,¹
861 2031 994 2111 propter
1015 2025 1192 2108 ignaviam,
1223 2029 1260 2090 u't

70 2131 142 2214 ipse
166 2129 230 2204 ait,
260 2125 387 2202 differt,
404 2127 492 2190 illum
513 2125 701 2209 ingreditur.
746 2129 830 2191 Num
852 2129 928 2214 quid
949 2126 1048 2212 igitur
1069 2149 1145 2193 vere
1167 2126 1258 2194 anfu-

70 2253 151 2316 gere
174 2233 356 2307 Socratem,
390 2251 451 2294 nec
472 2228 604 2295 alteram
626 2229 822 2315 quaestionis
844 2237 966 2317 partem
986 2239 1181 2318 pertractare
1194 2253 1259 2297 *vo-

70 2336 172 2402 luisse
201 2344 335 2421 propter
364 2332 598 2410 dillionltatem,
628 2355 672 2398 an
690 2332 802 2400 ludere
824 2337 857 2399 in
879 2333 927 2400 bis
948 2354 1008 2421 pro
1030 2337 1257 2401 consuetudine

72 2461 132 2506 sna
154 2437 402 2506 arbitrabimur?
425 2442 580 2504 rossum
610 2458 689 2504 vero
719 2441 798 2504 haee
826 2440 958 2504 multum
985 2438 1063 2504 lucis
1093 2438 1258 2504 effundere

70 2544 125 2621 iis,
150 2563 233 2628 quae
254 2564 275 2606 a
294 2544 388 2608 nobis
411 2543 451 2606 ad
472 2543 566 2608 buius
588 2542 663 2606 libri
683 2543 808 2606 initium
830 2540 870 2607 de
892 2563 928 2607 rc
950 2540 1150 2608 eademlere
1174 2542 1257 2609 dicta

72 2653 169 2713 sunt,
205 2649 287 2712 Nam
307 2647 353 2711 ibi
375 2665 502 2731 quoque
524 2644 665 2730 effugere
685 2647 842 2721 Semeles,
866 2665 924 2710 neo
940 2647 1099 2710 sermonis
1111 2665 1257 2732 magnam

71 2759 200 2836 partem
221 2751 382 2836 explicare
403 2748 486 2816 velle
508 2748 685 2819 videbatur.
727 2752 790 2816 Sed
812 2741 988 2819 accuratius
1003 2751 1097 2816 etiam
1110 2749 1258 2836 inspicia-

70 2876 146 2921 mus
175 2857 263 2921 buno
289 2856 395 2921 locum
424 2862 460 2919 nt
487 2853 650 2920 videamus
680 2855 797 2940 qumta
825 2861 892 2919 arte
913 2855 1002 2918 Plato
1025 2856 1257 2943 systematicam

71 2958 233 3025 rationem
247 2957 356 3041 operis
371 2956 531 3034 celaverit,
555 2965 588 3022 et
601 2957 776 3042 quotidiani
791 2959 946 3022 sermonis
964 2956 1256 3043 facilitatematque

71 3051 235 3131 licentiam
264 3063 404 3127 imitatus
437 3063 488 3126 sit.
534 3064 695 3147 Tanquam
727 3060 808 3126 nibil
842 3061 1009 3127 interesset
1037 3069 1110 3126 ntra
1141 3065 1254 3128 barum

73 3169 298 3253 quaestionum
317 3167 407 3249 prior
427 3166 665 3242 institueretur,
695 3167 925 3232 somniantibus
947 3185 982 3230 so
1003 3165 1175 3242 assimilat,
1199 3164 1254 3250 qui

73 3269 145 3336 fieri
167 3268 290 3354 aliquid
309 3285 405 3356 posse
426 3277 590 3354 ponentes,
612 3289 721 3336 secum
734 3269 966 3353 perlustrarent
987 3268 1093 3336 animo
1116 3277 1149 3334 et
1169 3269 1257 3353 cogi-

73 3375 260 3449 tationibus,
284 3394 379 3458 quam
400 3374 535 3459 pulchra
556 3373 664 3440 omnia
682 3372 789 3440 futura
803 3381 919 3450 essent,
944 3375 970 3439 si
985 3374 1068 3438 facta
1081 3374 1155 3443 sint.
1188 3375 1257 3438 lloc

73 3497 153 3544 vero
182 3477 255 3542 loeo
285 3479 424 3560 primum
452 3476 674 3563 exponendum
703 3478 801 3542 fuisse
830 3497 925 3565 quam
952 3475 1029 3543 utile
1050 3477 1193 3562 futurum
1216 3474 1258 3542 sit

73 3583 252 3648 institutum
276 3579 355 3646 illud
377 3587 475 3664 patet,
499 3603 597 3666 quum
619 3583 664 3646 ita
685 3581 819 3648 instituti
833 3589 945 3651 natura
959 3580 1142 3666 explicetur.
1176 3582 1256 3644 Nam

71 3685 166 3772 plane
189 3703 458 3770 supervacaneum
481 3693 563 3751 esset
584 3705 738 3771 quaerere
760 3707 836 3750 num
857 3683 927 3750 lieri
948 3683 1048 3771 possit
1069 3683 1148 3749 baec
1170 3703 1257 3748 com·

71 3791 195 3865 munio,
219 3787 357 3856 nondum
381 3790 515 3873 cognito,
539 3787 639 3874 qualis
661 3787 768 3855 futura
788 3791 830 3854 sit
851 3797 884 3855 et
904 3787 982 3875 qnid
1002 3787 1147 3854 utilitatis
1167 3785 1257 3854 habi·

70 3899 154 3960 tura.
199 3892 349 3969 Quaestio
372 3900 477 3960 autem
499 3891 539 3958 de
560 3891 694 3958 instituti
715 3899 827 3960 natura
848 3912 920 3959 cum
942 3891 1039 3959 altera
1057 3894 1099 3957 de
1120 3891 1256 3958 utilitate

70 3997 251 4062 arctissime
270 4017 417 4063 connexa
439 4004 502 4073 est,
534 4000 704 4091 σκέψομαι
726 4033 768 4047 -
789 3991 1093 4077 segvesasdgovcw
1115 3990 1202 4062 αὐτά
1224 3997 1257 4061 ol

70 4099 230 4191 ἄρχοντες
250 4097 438 4186 γιγνόμενα,
461 4103 518 4167 καὶ
540 4091 592 4167 ὅτι
613 4095 744 4169 πάντων
771 4095 999 4194 ξυμφοράταύ
1025 4095 1068 4167 tls
1095 4100 1143 4182 εἴη
1171 4122 1257 4189 repas

65 4208 214 4294 χθέντα.
256 4204 378 4270 Prioris
398 4213 516 4283 tamen,
540 4227 581 4272 ne
604 4203 749 4290 dialogus
770 4223 914 4272 severam
935 4203 1256 4292 systematicioperis

68 4309 211 4390 formam
232 4309 397 4389 indueret,
428 4309 481 4378 bie
505 4317 655 4397 tanquam
682 4308 716 4377 in
743 4309 928 4380 transcursu
955 4311 1077 4378 mentio
1096 4309 1254 4387 inlicitur.
