3296 5232
586 387 821 456 -311-

105 551 195 619 bona
213 549 399 616 educatione
423 548 477 614 nai
494 543 630 626 suerint,
656 546 804 614 meliores
825 543 919 616 etiam
948 547 1111 636 prioribus
1134 554 1289 631 evadere,

105 673 183 720 oum
209 655 243 719 iu
271 651 400 738 reliquis
430 654 545 728 rebus,
575 657 642 716 tum
675 650 710 716 iu
744 651 934 737 generando.
986 654 1165 722 Videndum
1194 656 1292 742 igitur

106 777 181 824 esso
206 756 336 824 summis
360 753 554 838 reipublicae
575 754 828 840 magistratibus,
855 776 897 821 ne
921 756 999 843 quid
1021 761 1104 824 circa
1123 761 1294 849 gymnasti-

105 883 179 930 oam
206 867 238 926 ct
263 861 414 926 musicam
436 866 537 924 artem
554 865 711 930 mutetur.
760 859 896 927 Interim
923 861 1006 926 enim
1029 863 1187 941 civitates,
1210 885 1292 931 scum

107 963 307 1032 educationis
331 965 414 1030 ratio
445 970 477 1028 et
498 963 633 1029 musices
660 963 850 1048 praecipue,
873 985 953 1051 quae
974 967 1170 1032 educationis
1191 967 1291 1034 multo

105 1072 212 1138 maior
243 1089 317 1152 pars
342 1076 403 1141 est,
430 1065 485 1149 (oi.
512 1065 570 1132 lib.
597 1069 637 1132 IL
664 1090 698 1152 p.
726 1071 798 1135 377.
823 1067 884 1154 st.)
912 1077 1031 1140 mutata
1060 1071 1167 1136 inerit.
1211 1075 1292 1136 Num

104 1172 262 1261 paulatim
281 1193 316 1238 se
329 1174 490 1237 insinuare
510 1169 603 1237 istam
616 1170 696 1256 legis
713 1171 943 1258 neglectiouem
956 1177 989 1240 in
1003 1193 1109 1240 mores
1125 1182 1157 1240 et
1177 1175 1292 1260 agendi

105 1276 302 1362 vivendique
323 1274 498 1354 rationem
523 1274 557 1341 in
584 1277 783 1344 commerciis
811 1280 874 1343 iam
903 1279 1057 1346 maiorem
1080 1277 1292 1366 deprehendi,

105 1391 177 1450 tum
205 1400 418 1464 prorumpere
442 1381 475 1444 in
496 1381 586 1464 leges
607 1387 702 1466 atque
725 1380 922 1467 respublicas
943 1401 1015 1447 cum
1030 1382 1128 1449 muita
1150 1383 1289 1460 licentia,

106 1489 203 1552 docco
215 1485 347 1555 ,tamon
370 1486 473 1550 omnia
494 1491 522 1548 et
537 1485 663 1568 priuata
687 1493 714 1549 ct
722 1487 846 1568 publiea
867 1493 989 1552 wertot.
1036 1487 1163 1552 Servari
1185 1493 1293 1554 autem

109 1589 254 1656 civitates
282 1595 316 1653 et
336 1587 484 1654 meliores
506 1586 590 1664 fieri,
614 1587 642 1654 si
667 1590 811 1654 educatio
835 1590 918 1654 bona
941 1590 1048 1660 fuerit
1093 1591 1142 1656 Cf.
1166 1593 1223 1658 lib.
1240 1592 1294 1657 IV

107 1715 143 1782 p.
168 1693 241 1758 did.
264 1693 309 1756 St.
353 1692 424 1758 Καὶ
451 1687 537 1779 μην,
569 1681 675 1774 εἶπον,
702 1691 912 1772 πολιτεία,
897 1686 1016 1813 εάνπερ
1045 1686 1135 1775 άπαξ
1163 1689 1295 1788 ὁρμήσῃ

110 1784 164 1873 εὖ,
186 1795 315 1915 έργεται
338 1785 443 1883 ὥσπερ
466 1789 584 1872 κύκλος
606 1789 818 1881 αὐξανομένη.
842 1791 1031 1920 τροφηιγάρ
1053 1801 1109 1864 καὶ
1124 1797 1297 1875 παίδευσις

107 1896 236 1990 χρηστὴ
260 1899 423 1985 σωζομένη
446 1893 563 1990 φύσεις
575 1894 747 1984 ἀγαθάς
732 1903 873 1986 εμποιεῖ,
896 1904 952 1966 καὶ
964 1897 1007 1966 αὐ
1024 1893 1142 1991 φάσεις
1153 1903 1296 2022 χρησταί

110 1999 268 2084 τοιαύτης
288 2003 440 2081 παιδείας
462 1997 829 2090 άντιλαμβανόμεναι”
809 2026 857 2069 ετι
878 2003 1089 2087 βελτίους
1043 2027 1107 2071 των
1128 2007 1297 2094 προτέρων

112 2101 258 2228 φύονται
286 2111 332 2185 εἴς
360 2130 393 2173 τε
420 2103 527 2173 τάλλα
556 2111 613 2174 καὶ
641 2100 687 2184 είς
715 2102 753 2172 τὸ
782 2106 917 2228 γενγᾷν,
947 2098 1053 2200 ὥσπερ
1083 2111 1139 2174 καὶ
1167 2109 1199 2174 ἐν
1227 2112 1298 2186 τοῖς

113 2207 231 2290 άλλοις
252 2205 356 2294 ζώοις.
400 2205 549 2290 Εἰκός’
522 2237 562 2297 γ,
585 2209 661 2292 ἔφη
701 2203 761 2288 Ως
789 2209 899 2279 τοίνυν
926 2207 982 2278 διά
1009 2213 1158 2332 βραχέων
1180 2206 1296 2292 εἰπειν,

116 2309 236 2382 τούτου
258 2311 441 2382 ἀνθεκτέον
454 2318 525 2394 τοῖς
547 2315 755 2402 ἐπιμεληταῖς
776 2314 837 2399 τῆς
857 2305 1039 2393 πόλεως,“
1020 2339 1108 2392 οπως
1120 2309 1162 2381 dv
1176 2338 1300 2394 αυτσυς

112 2415 161 2507 μη
184 2413 279 2512 λάθῃ
302 2421 518 2512 διαφθαρὲν,
552 2412 639 2484 άλλά
660 2413 752 2508 παρά
773 2411 884 2482 πάντα
915 2412 998 2484 αὐτὸ
1020 2411 1232 2509 φυλάττωσι,
1260 2412 1294 2486 τί

110 2518 158 2610 μη
181 2523 375 2614 νεωτερίζειν
395 2527 468 2610 περὶ
490 2516 694 2609 γυμναςικήν
715 2543 750 2588 τε
765 2524 820 2586 καὶ
834 2514 998 2606 μουσικήν
1012 2515 1106 2612 παρά
1117 2514 1176 2602 τὴν
1197 2513 1299 2602 τάξιν,

112 2621 183 2693 ἀλλ’
209 2621 251 2705 ὡς
272 2620 388 2693 οἷόντε
402 2621 530 2714 μάλιςα
552 2619 742 2717 φυλάττειν,
769 2625 1016 2716 φοβουμένους,
1043 2615 1126 2693 ὅταν
1141 2649 1192 2704 τις
1207 2627 1298 2720 λέγῃ,

113 2755 160 2810 ως
182 2753 242 2813 την

341 2828 459 2914 ἀοιδὴν
479 2832 606 2920 μᾶλλον
627 2826 852 2924 ἐπιφρονέσυά
877 2826 1073 2923 ἄνθρωποι,

339 2929 411 3019 ἥτις
433 2931 633 3004 ἀειδόντεσσι
655 2930 800 3018 νεωτάτη
823 2930 1071 3058 ἀμφιπέληται,
1143 3011 1146 3018 ‚
1229 3004 1231 3014 A

113 3057 160 3132 ’μη
147 3034 382 3119 πολλάκις
349 3065 407 3108 τον
420 3035 560 3123 ποιητήν
574 3061 623 3119 τις
639 3040 749 3121 οἴηται
767 3043 872 3124 λέγειν
894 3035 954 3106 οὐκ
969 3036 1108 3131 ᾅσματα
1123 3042 1197 3122 νέα,
1212 3035 1301 3108 άλλά

113 3140 438 3238 τρόπσνῴδῆςνέσν,
459 3144 625 3212 καὶτοῦτο
640 3144 765 3237 ἐπαινῃ
783 3139 862 3210 δεῖθ’
891 3138 956 3210 οὔτ’
983 3141 1176 3213 έπαινεῖυτὸ
1192 3144 1301 3211 τοιοῦ-

113 3273 174 3316 τον
194 3245 268 3316 σύτε
289 3243 548 3334 ὑπολαμβάνειν·
572 3237 658 3324 εἶδος
680 3244 744 3338 γάρ
761 3242 876 3314 καινὸν
897 3248 1058 3335 μουσικῆς
1079 3243 1301 3368 μεταβάλλειν

115 3347 404 3440 ευλαβητέονὼς’
389 3376 427 3420 εν
442 3343 520 3446 ὅλφ
535 3347 838 3419 κινδυνεύοντα·
853 3345 1040 3439 οὐδαμου
1051 3347 1130 3442 γάρ
1148 3351 1301 3418 κινοῦν-

115 3481 182 3524 ται
204 3457 409 3543 μουσικῆς
430 3451 580 3545 τρόποι
602 3452 698 3522 ἄνευ
720 3455 951 3522 πολιτικῶν
972 3449 1110 3541 νόμων
1139 3455 1216 3521 τῶν
1238 3478 1302 3541 με·

114 3561 250 3648 γίςων,
274 3585 324 3637 ως
344 3581 445 3648 φησι
467 3583 508 3626 τε
534 3554 680 3644 Δαμων
702 3564 769 3625 και
795 3555 870 3645 έγώ
899 3560 1119 3645 πείθομαι.
1151 3557 1302 3644 Karpia

115 3665 235 3742 τοίνυν,
229 3689 314 3764 εφη
328 3688 345 3729 ο
355 3659 584 3748 Αὸείμαντος,
600 3665 647 3729 di
633 3669 665 3742 ἐς
681 3665 744 3730 τῶν
761 3667 992 3751 πεπεισμένων
1016 3659 1062 3728 Τὸ
1076 3658 1116 3748 δὴ
1131 3655 1302 3753 φυλακτη-

116 3793 201 3856 ριον,
222 3755 351 3849 ἦνὸ’
336 3764 407 3853 εγὼ,
429 3793 473 3844 ως
484 3790 596 3848 εσικεν,
612 3761 765 3833 ἐνταυθά
779 3791 844 3834 που
859 3763 1094 3854 οικσδσμητεον
1106 3787 1177 3843 τοις
1192 3760 1303 3858 φνλα

117 3873 213 3955 ξιν,’
198 3895 236 3939 εν
233 3895 393 3966 μουσικη
410 3865 461 3936 Η
465 3895 545 3956 γουν
559 3871 770 3998 παρανομία,
790 3870 871 3963 ἔφη,
892 3871 1013 3962 ῥαδίως
1033 3861 1118 3952 αὕτη
1136 3866 1303 3946 λανθάνει

116 3977 360 4068 παραδυομένη.
393 3978 478 4056 Ναὶ,
502 3973 602 4061 ἔφην,
625 3971 668 4053 ὡς
689 3977 721 4042 έν
742 3977 878 4053 παιδιάς
898 3999 934 4060 γε
955 3977 1045 4142 μέρει
1065 3979 1121 4040 καὶ
1144 3999 1188 4052 ως
1200 3995 1303 4040 κακον

118 4077 213 4148 οὐδὲν
234 4079 445 4170 ἐργαζομένη
473 4075 556 4146 (icoc
542 4077 641 4170 ὲγάρ
665 4075 852 4204 ἐργάζεται,
875 4077 1022 4197 ἔφη,αλ
1014 4081 1138 4165 ολγε,
1171 4072 1302 4143 ίκατά

119 4179 259 4274 σμικρὸν
286 4177 529 4270 εἰσοικισαμένη
558 4178 663 4302 ηρέμα
691 4177 831 4304 ὑπορρεῑ
852 4179 937 4268 πρὸς
959 4178 1001 4248 τά
1020 4179 1098 4269 ἤθη
1125 4184 1237 4247 τεκαὶ
1259 4176 1303 4247 τά

117 4281 371 4376 ἐπιτηδεύματα·
402 4285 436 4352 ἐκ
465 4289 500 4354 δὲ
486 4282 647 4356 ὲτούτων
674 4283 720 4368 εἰς’
745 4283 787 4353 τά
809 4283 896 4377 πρὸς
916 4281 1091 4370 ἀλλήλους
1117 4277 1304 4373 ξυμβόλαια
