3312 5238
556 401 599 418 -
644 365 706 432 11ιὸ
748 391 798 418 ·-·⁴

87 523 192 622 εἶχεν
218 525 240 613 ἡ
268 525 542 622 παραμυθία·
571 527 606 592 ἐν
632 521 698 616 γὰρ
728 523 906 618 φρονίμοις
928 545 962 590 τε
984 524 1040 592 καί
1063 520 1176 615 φίλοις
1197 523 1272 609 περὶ

86 638 149 706 τῶν
176 634 337 723 μεγίστων
360 658 399 700 τι.
416 637 473 700 καί
495 631 600 722 φίλων
622 623 760 710 τάληθῆ
782 624 895 695 εἰδότα
917 631 1022 714 λέγειν
1042 623 1195 723 ἀσφαλὲς
1216 632 1273 697 καὶ

87 739 302 830 θαρραλέον,
343 731 604 830 ἀπιστοῦντα
640 734 684 808 δὲ
716 737 785 798 καί
818 733 1026 814 ζητοῦντα
1057 723 1143 819 ίίμα
1176 729 1274 829 τοίνς

87 833 238 929 λόγους
271 843 522 918 ποιεῖσθαι,
555 831 575 902 3
608 834 654 915 δὴ
683 831 760 922 ἐγῶ
789 836 885 924 δρῶ,
918 831 1104 927 φοβερόν
1132 861 1174 905 τε
1203 841 1274 904 καὶ

88 941 312 1040 σφαλερὸν,
336 940 386 1010 od'
406 966 445 1008 τι
467 944 626 1026 γέλωτα
648 935 811 1030 ὅφλειυ·
833 937 1030 1008 παιδικὸν
1050 938 1129 1034 γὰρ
1151 936 1276 1009 τοῦτό

87 1069 146 1137 γε·
177 1043 283 1116 ἀλλὰ
309 1043 361 1132 μὴ
391 1048 572 1138 σφαλεὶς
591 1043 661 1124 τῆς
682 1038 893 1124 ἀληθείας
915 1038 961 1110 οὐ
981 1037 1275 1131 μόνουαῧτὸς,

88 1148 195 1220 ἀλλὰ
223 1155 289 1217 ιιαλ
317 1145 414 1227 τοίις
441 1149 596 1240 φίλους
628 1143 1046 1234 ξυνεπισπασιίμενος
1079 1146 1276 1238 κείσομαι

88 1261 181 1349 περὶ
212 1248 235 1322 ῶ
267 1245 422 1336 ίίιιιστα
453 1253 521 1318 δεῖ
546 1244 843 1342 σφάλλεσθαι.
878 1252 1048 1338 προςιευνῶ
1075 1255 1110 1319 δὲ
1143 1247 1276 1345 ’Aspi-

90 1383 220 1440 στειαυ,
248 1343 273 1424 ῶ
301 1350 478 1434 Ιλαῶκων,
503 1348 604 1442 χάριν
632 1342 672 1420 οὗ
698 1356 806 1440 με’λλω
824 1355 954 1438 ’λέγειν’
984 1356 1099 1438 ἐλπίζω
1128 1354 1193 1448 γὰρ
1216 1345 1277 1425 οὖν

89 1464 227 1532 ἔλαττον
259 1454 443 1552 ἁμάρτημα
477 1451 641 1535 ἀκουσίως
671 1452 761 1534 τινὸς
793 1459 899 1548 φονέα
927 1461 1106 1544 γενέσθαι,
1139 1455 1160 1543 ἢ
1179 1455 1277 1527 οἰπα-

88 1567 191 1634 τεῶυα
214 1564 323 1632 καλῶν
345 1567 455 1630 τεκαὶ
478 1555 624 1648 ιἰγαθῶν
653 1564 708 1626 καλ
731 1561 866 1628 δικαίων
887 1563 1034 1650 νομίμων
1054 1567 1146 1653 πέρι.
1176 1567 1276 1634 τοῦτο

89 1658 149 1739 οὖν
166 1665 218 1736 τὸ
246 1661 445 1754 κινδύνευμα
473 1658 671 1732 κινδυνεύειν
697 1663 735 1730 ε’ν.
756 1664 896 1752 ἐχθροῖς
923 1670 1072 1756 κρεῖττον
1100 1663 1121 1750 ἢ
1149 1669 1278 1762 φίλοις·

87 1765 175 1842 λιιι
204 1757 238 1838 εὖ
268 1795 308 1858 με
337 1772 541 1859 παραμενεῖ
549 1766 583 1853 *ι
627 1756 704 1836 'Kar
741 1760 760 1832 ὁ
795 1763 956 1835 ιιιωω
989 1764 1138 1856 μισσες
1175 1767 1278 1854 ’Asa

90 1863 116 1942 ῶ
140 1870 324 1968 Σώκρατες
330 1924 340 1954 ,
368 1873 449 1964 ἔφη,
471 1868 528 1939 ἐάν
550 1895 583 1940 τι
604 1864 769 1956 πείθωμεν
790 1874 976 1957 πλημμελὲς
996 1868 1062 1940 ὑπὸ
1085 1875 1145 1942 τοῦ
1163 1869 1276 1963 λόγου,

90 1975 234 2071 ιἰφιέμίνΙ
253 1999 290 2046 σε
312 1967 419 2066 ῶσπερ
442 1969 551 2068 φόνου
573 1968 734 2062 καθαρὸν
755 1963 839 2040 εἶναι
853 1979 909 2040 καί
923 1973 968 2060 μὴ
984 1971 1159 2045 ἀπατεῶνα
1174 1973 1280 2066 ἡμῶν.

91 2079 179 2150 ἀλλὰ
199 2075 385 2172 θαρρήσας
401 2082 488 2164 λέγε.
533 2071 640 2146 Ἀλλὰ
669 2079 801 2166 μέντοι,
832 2069 937 2162 εἶπεν,
967 2077 1127 2173 καθαρός
1154 2102 1191 2168 γε
1222 2087 1279 2151 καὶ

90 2179 197 2254 ἐκείὸ
219 2179 374 2277 ἀφεθεὶς,
397 2176 440 2260 ῶς
462 2175 480 2248 ὁ
503 2175 606 2269 νόμος
627 2183 722 2266 λέγει·
747 2178 834 2261 εἰκὸς
856 2185 893 2250 δι’
912 2207 965 2269 γε,
989 2185 1077 2276 εἴπερ
1099 2185 1177 2268 ἐκεῖ,
1199 2183 1278 2255 solu-

91 2283 194 2358 θοίδι.
214 2337 216 2345 ι
235 2283 557 2376 flammivoniam,
580 2279 708 2352 τούτου
722 2280 753 2370 γ’
773 2288 874 2354 ἕνεκα.
917 2290 1066 2374 Λίγειν
1088 2284 1151 2372 δὴ,
1174 2290 1280 2384 ἔφην

91 2388 189 2479 ε’γῶ,
219 2387 295 2480 χρὴ
326 2383 541 2456 ἀνάπαλιν·
557 2373 608 2460 αὖ
630 2390 711 2469 νῦν,
739 2379 882 2456 ὀίσσατο
905 2391 1004 2470 ἴσως
1025 2391 1110 2460 ἔδει
1132 2395 1280 2486 ἐφεξῆς

93 2502 240 2585 λέγειν.
263 2489 366 2584 τοίχα
389 2497 429 2562 δὲ
453 2483 581 2573 οὕτως
601 2488 650 2560 ἂν
671 2486 812 2582 ὀρθῶς
834 2493 936 2582 ἔχοι,
958 2493 1061 2583 μετὰ
1082 2491 1278 2587 ἀνδρείων

92 2601 245 2694 δρᾶμα
273 2599 478 2676 παντελῶς
514 2600 807 2688 διαπερανθὲν
850 2593 896 2664 τὸ
938 2607 1182 2686 γυναικεῖον
1225 2587 1278 2670 ai

93 2704 322 2794 περαίνειν,
358 2697 490 2779 ἄλλως
524 2725 565 2768 τε
597 2705 665 2768 καί
694 2698 836 2782 ἐπειδὴ
868 2697 915 2770 σι)
945 2693 1052 2771 οίίτω
1078 2707 1278 2801 προκαλῇ.

94 2809 130 2874 Si
160 2829 271 2875 verum
302 2813 369 2885 est,
402 2807 489 2892 quod
517 2807 784 2872 demonstravisse
809 2801 903 2872 rolris
931 2805 1094 2885 videmur,
1128 2809 1278 2876 simulare

94 2912 260 2978 Platonem
281 2909 444 2997 inpriore
466 2907 560 2976 huius
581 2908 688 2996 operis
709 2917 808 2996 purte,
829 2908 981 2976 iustitium
1004 2933 1073 2978 esse
1094 2914 1193 2980 totius
1215 2913 1280 2982 dis·

94 3014 270 3100 putationis
291 3012 405 3092 ίίοοω,
434 3032 514 3098 quae
535 3033 650 3078 revera
671 3013 865 3100 reipublicae
888 3015 990 3099 gratia
1010 3018 1210 3096 instituatur,
1241 3041 1280 3088 ea

95 3139 180 3206 quae
201 3117 293 3184 initio
314 3116 409 3185 huius
430 3115 514 3184 libri
527 3118 695 3200 logsmtur:
728 3112 894 3202 Ἀγαθὴν
914 3119 975 3205 μὲν
997 3121 1107 3189 τοίνυν
1128 3119 1189 3204 τὴν
1209 3145 1280 3190 τοι·

95 3219 202 3304 αὐτην
222 3216 320 3290 πόλιν
342 3246 376 3288 τε
396 3225 455 3286 καί
475 3221 643 3288 πολιτείαν
665 3225 721 3287 καί
742 3216 856 3311 ὀρθὴν
877 3224 978 3303 καλῶ,
1003 3228 1059 3290 secl
1080 3221 1187 3312 ἄνδρα
1210 3250 1281 3294 τοι-

96 3327 209 3394 οῦτον·
247 3345 310 3390 nou
338 3331 490 3409 poterunt
519 3343 713 3411 quemquam
742 3327 776 3390 in
802 3346 946 3393 errorem
972 3325 1144 3407 inducero,
1182 3353 1281 3417 quum

96 3429 209 3498 eadem
236 3427 416 3505 simulatio,
450 3427 512 3500 cui,
529 3435 628 3494 totum
658 3447 737 3514 opus
764 3436 911 3517 tauquam
939 3440 1190 3519 superstructum
1212 3443 1278 3513 est,

95 3533 194 3602 etiam
227 3532 260 3599 iu
292 3534 354 3600 his.
373 3530 553 3598 necessario
581 3540 732 3598 recurrat.
778 3532 871 3611 Quod
902 3536 1033 3604 sivero
1061 3536 1180 3623 dialogi
1209 3537 1281 3605 linis

96 3646 184 3706 esset
204 3656 293 3714 mere
316 3637 453 3714 ethicus,
475 3635 508 3702 iu
530 3635 680 3704 vitiorum
702 3635 836 3705 diversis
859 3638 1029 3724 generibus
1049 3641 1282 3728 distinguendis

99 3799 439 3822 man—h·-

168 3930 192 3992 ’γ
220 3929 291 3982 Sunt
308 3929 374 3984 haec
393 3933 429 3982 tta
447 3931 533 3994 dtcta,
559 3938 591 3984 ut
609 3934 730 3992 timorem
748 3935 828 3988 istum
854 3948 908 3988 non
934 3939 1044 3993 ouuloo
1069 3941 1211 3996 candetum
1231 3955 1282 4008 pu·

96 4023 155 4074 tare
188 4024 331 4086 possimus.
383 4021 449 4072 Nam
480 4023 582 4074 etiamst
614 4022 689 4076 Plato
721 4039 774 4076 non
803 4026 918 4078 habebat
948 4042 1003 4092 ouo
1033 4029 1100 4084 haec
1128 4031 1284 4106 παράδοξα

96 4111 238 4171 refutaret,
258 4115 346 4184 tamen
365 4107 423 4184 fieri
442 4123 496 4161 non
515 4115 611 4176 potuit,
634 4117 699 4176 quin
718 4117 774 4168 vert
794 4117 909 4182 quodam
929 4130 1010 4170 sensu
1029 4130 1044 4171 a
1064 4123 1204 4187 paradorls
1223 4125 1282 4176 lstts

97 4201 290 4255 deterreretur.
333 4197 384 4250 cut
412 4202 515 4254 uttnam
539 4203 681 4258 obsecutus
707 4209 793 4270 esset,
820 4219 875 4261 nou
902 4208 1072 4274 prolapsurus
1092 4213 1128 4268 lta
1147 4215 1175 4266 tu
1194 4218 1281 4266 tantos

96 4303 214 4346 errores.
251 4293 254 4304 ¹
458 4289 464 4294 '
604 4299 607 4306 ’

1072 4428 1113 4494 10
