<?xml version="1.0" encoding="UTF-8"?>
<!DOCTYPE html PUBLIC "-//W3C//DTD XHTML 1.0 Transitional//EN"
    "http://www.w3.org/TR/xhtml1/DTD/xhtml1-transitional.dtd">
<html xmlns="http://www.w3.org/1999/xhtml" xml:lang="en" lang="en">
 <head>
  <title>
</title>
<meta http-equiv="Content-Type" content="text/html;charset=utf-8" />
  <meta name='ocr-system' content='tesseract 3.04.00' />
  <meta name='ocr-capabilities' content='ocr_page ocr_carea ocr_par ocr_line ocrx_word'/>
</head>
<body>
  <div class='ocr_page' id='page_1' title='image "./prolegomenaadpl00rettgoog_0081.png"; bbox 0 0 3312 5238; ppageno 0'>
   <div class='ocr_carea' id='block_1_1' title="bbox 869 399 1082 467">
    <p class='ocr_par' dir='ltr' id='par_1_1' title="bbox 869 399 1082 467">
     <span class='ocr_line' id='line_1_1' title="bbox 869 399 1082 467; baseline 0.019 -19"><span class='ocrx_word' id='word_1_1' title='bbox 869 399 1082 467; x_wconf 73' lang='lat' dir='ltr'><strong>..pp-</strong></span> 
     </span>
    </p>
   </div>
   <div class='ocr_carea' id='block_1_2' title="bbox 386 560 1567 970">
    <p class='ocr_par' dir='ltr' id='par_1_2' title="bbox 386 560 1567 970">
     <span class='ocr_line' id='line_1_2' title="bbox 387 560 1565 658; baseline 0.003 -26"><span class='ocrx_word' id='word_1_2' title='bbox 387 560 449 650; x_wconf 77' lang='grc' dir='ltr'><strong>έγώ</strong></span> <span class='ocrx_word' id='word_1_3' title='bbox 469 597 512 619; x_wconf 86' lang='lat'><strong>·-</strong></span> <span class='ocrx_word' id='word_1_4' title='bbox 532 585 563 650; x_wconf 91' lang='lat' dir='ltr'><strong>p.</strong></span> <span class='ocrx_word' id='word_1_5' title='bbox 586 567 672 632; x_wconf 78' lang='grc'><strong>397..</strong></span> <span class='ocrx_word' id='word_1_6' title='bbox 702 563 826 633; x_wconf 75' lang='lat' dir='ltr'><strong>Referri</strong></span> <span class='ocrx_word' id='word_1_7' title='bbox 856 573 960 634; x_wconf 88' lang='lat' dir='ltr'><strong>eutem</strong></span> <span class='ocrx_word' id='word_1_8' title='bbox 977 572 1064 634; x_wconf 48' lang='lat' dir='ltr'><strong>¹haec</strong></span> <span class='ocrx_word' id='word_1_9' title='bbox 1090 571 1197 636; x_wconf 88' lang='lat' dir='ltr'><strong>omnia</strong></span> <span class='ocrx_word' id='word_1_10' title='bbox 1224 568 1264 636; x_wconf 92' lang='lat' dir='ltr'><strong>ad</strong></span> <span class='ocrx_word' id='word_1_11' title='bbox 1296 569 1456 638; x_wconf 72' lang='lat' dir='ltr'><strong>deitatem</strong></span> <span class='ocrx_word' id='word_1_12' title='bbox 1476 575 1565 658; x_wconf 88' lang='lat' dir='ltr'><strong>patet</strong></span> 
     </span>
     <span class='ocr_line' id='line_1_3' title="bbox 387 660 1567 761; baseline 0.003 -25"><span class='ocrx_word' id='word_1_13' title='bbox 387 668 482 736; x_wconf 87' lang='lat' dir='ltr'><strong>etiam</strong></span> <span class='ocrx_word' id='word_1_14' title='bbox 506 689 549 735; x_wconf 83' lang='lat' dir='ltr'><strong>ex</strong></span> <span class='ocrx_word' id='word_1_15' title='bbox 574 670 713 756; x_wconf 78' lang='lat' dir='ltr'><strong>itaquae</strong></span> <span class='ocrx_word' id='word_1_16' title='bbox 734 691 767 754; x_wconf 92' lang='lat' dir='ltr'><strong>p.</strong></span> <span class='ocrx_word' id='word_1_17' title='bbox 796 673 870 748; x_wconf 80' lang='grc'><strong>397,</strong></span> <span class='ocrx_word' id='word_1_18' title='bbox 900 676 937 738; x_wconf 90' lang='lat' dir='ltr'><strong>D.</strong></span> <span class='ocrx_word' id='word_1_19' title='bbox 962 671 1132 757; x_wconf 79' lang='lat' dir='ltr'><strong>leguntur:</strong></span> <span class='ocrx_word' id='word_1_20' title='bbox 1162 674 1202 740; x_wconf 81' lang='grc' dir='ltr'><strong><em>Τι’</em></strong></span> <span class='ocrx_word' id='word_1_21' title='bbox 1224 661 1283 740; x_wconf 82' lang='grc' dir='ltr'><strong>οὗν</strong></span> <span class='ocrx_word' id='word_1_22' title='bbox 1304 667 1502 761; x_wconf 74' lang='grc' dir='ltr'><strong><em>ποιήσομεν,</em></strong></span> <span class='ocrx_word' id='word_1_23' title='bbox 1525 660 1567 754; x_wconf 82' lang='grc' dir='ltr'><strong>ἦν</strong></span> 
     </span>
     <span class='ocr_line' id='line_1_4' title="bbox 387 765 1565 866; baseline 0.001 -26"><span class='ocrx_word' id='word_1_24' title='bbox 387 767 417 840; x_wconf 85' lang='grc' dir='ltr'><strong>δ’</strong></span> <span class='ocrx_word' id='word_1_25' title='bbox 435 765 505 858; x_wconf 79' lang='grc' dir='ltr'><strong>ἐγώ·</strong></span> <span class='ocrx_word' id='word_1_26' title='bbox 520 767 660 862; x_wconf 84' lang='grc' dir='ltr'><strong><em>πότερον</em></strong></span> <span class='ocrx_word' id='word_1_27' title='bbox 680 769 718 839; x_wconf 87' lang='grc' dir='ltr'><strong><em>εἰ</em></strong></span> <span class='ocrx_word' id='word_1_28' title='bbox 723 797 740 850; x_wconf 87' lang='grc' dir='ltr'><strong><em>ς</em></strong></span> <span class='ocrx_word' id='word_1_29' title='bbox 760 769 831 855; x_wconf 74' lang='grc' dir='ltr'><strong><em>τ’ὴν</em></strong></span> <span class='ocrx_word' id='word_1_30' title='bbox 851 769 974 841; x_wconf 87' lang='grc' dir='ltr'><strong><em>πόλιν</em></strong></span> <span class='ocrx_word' id='word_1_31' title='bbox 998 770 1127 854; x_wconf 76' lang='grc' dir='ltr'><strong><em>πάντας</em></strong></span> <span class='ocrx_word' id='word_1_32' title='bbox 1139 771 1278 855; x_wconf 72' lang='grc' dir='ltr'><strong><em>τούτους</em></strong></span> <span class='ocrx_word' id='word_1_33' title='bbox 1291 771 1565 866; x_wconf 76' lang='grc' dir='ltr'><strong><em>παραδεξόμεθα,</em></strong></span> 
     </span>
     <span class='ocr_line' id='line_1_5' title="bbox 386 863 1566 970; baseline 0.003 -29"><span class='ocrx_word' id='word_1_34' title='bbox 386 911 429 926; x_wconf 90' lang='lat'><strong>-·</strong></span> <span class='ocrx_word' id='word_1_35' title='bbox 442 911 485 928; x_wconf 90' lang='lat'><strong>···</strong></span> <span class='ocrx_word' id='word_1_36' title='bbox 499 911 541 924; x_wconf 95' lang='lat'>-</span> <span class='ocrx_word' id='word_1_37' title='bbox 551 870 640 943; x_wconf 73' lang='grc' dir='ltr'><strong>Ἀλλ’</strong></span> <span class='ocrx_word' id='word_1_38' title='bbox 664 877 752 956; x_wconf 84' lang='grc' dir='ltr'><strong><em>ἴσως,</em></strong></span> <span class='ocrx_word' id='word_1_39' title='bbox 774 863 815 958; x_wconf 78' lang='grc' dir='ltr'><strong>ἦν</strong></span> <span class='ocrx_word' id='word_1_40' title='bbox 836 871 867 942; x_wconf 75' lang='grc' dir='ltr'><strong>δ’</strong></span> <span class='ocrx_word' id='word_1_41' title='bbox 896 875 967 964; x_wconf 75' lang='grc' dir='ltr'><strong><em>ἐγὼ,</em></strong></span> <span class='ocrx_word' id='word_1_42' title='bbox 996 873 1055 944; x_wconf 78' lang='grc' dir='ltr'><strong>οὐκ</strong></span> <span class='ocrx_word' id='word_1_43' title='bbox 1081 875 1123 944; x_wconf 74' lang='grc' dir='ltr'><strong>ἂν</strong></span> <span class='ocrx_word' id='word_1_44' title='bbox 1144 875 1247 945; x_wconf 80' lang='grc' dir='ltr'><strong><em>αὐτόν</em></strong></span> <span class='ocrx_word' id='word_1_45' title='bbox 1267 875 1443 968; x_wconf 80' lang='grc' dir='ltr'><strong><em>ἁρμόττειν</em></strong></span> <span class='ocrx_word' id='word_1_46' title='bbox 1462 879 1566 970; x_wconf 77' lang='grc' dir='ltr'><strong><em>φαίης</em></strong></span> 
     </span>
    </p>
   </div>
   <div class='ocr_carea' id='block_1_3' title="bbox 291 975 1649 4274">
    <p class='ocr_par' dir='ltr' id='par_1_3' title="bbox 291 975 1649 3860">
     <span class='ocr_line' id='line_1_6' title="bbox 386 975 1567 1074; baseline 0.002 -28"><span class='ocrx_word' id='word_1_47' title='bbox 386 980 426 1074; x_wconf 77' lang='grc' dir='ltr'><strong><em>τῇ</em></strong></span> <span class='ocrx_word' id='word_1_48' title='bbox 458 975 599 1070; x_wconf 81' lang='grc' dir='ltr'><strong><em>ἡμετέρῳ</em></strong></span> <span class='ocrx_word' id='word_1_49' title='bbox 627 981 789 1071; x_wconf 73' lang='grc' dir='ltr'><strong><em>πολιτείᾳ.</em></strong></span> <span class='ocrx_word' id='word_1_50' title='bbox 819 1005 848 1047; x_wconf 82' lang='grc' dir='ltr'><strong>κ.</strong></span> <span class='ocrx_word' id='word_1_51' title='bbox 875 1005 902 1048; x_wconf 90' lang='grc' dir='ltr'><strong><em>τ.</em></strong></span> <span class='ocrx_word' id='word_1_52' title='bbox 931 981 955 1049; x_wconf 83' lang='grc' dir='ltr'><strong>έ.</strong></span> <span class='ocrx_word' id='word_1_53' title='bbox 998 983 1088 1047; x_wconf 86' lang='lat' dir='ltr'><strong>ldem</strong></span> <span class='ocrx_word' id='word_1_54' title='bbox 1117 981 1258 1048; x_wconf 72' lang='lat' dir='ltr'><strong>efficiere</strong></span> <span class='ocrx_word' id='word_1_55' title='bbox 1286 1003 1326 1048; x_wconf 85' lang='lat' dir='ltr'><strong>ex</strong></span> <span class='ocrx_word' id='word_1_56' title='bbox 1356 981 1427 1048; x_wconf 88' lang='lat' dir='ltr'><strong>loco</strong></span> <span class='ocrx_word' id='word_1_57' title='bbox 1457 982 1567 1048; x_wconf 86' lang='lat' dir='ltr'><strong>multis</strong></span> 
     </span>
     <span class='ocr_line' id='line_1_7' title="bbox 385 1081 1567 1170; baseline 0.001 -20"><span class='ocrx_word' id='word_1_58' title='bbox 385 1081 557 1151; x_wconf 85' lang='lat' dir='ltr'><strong>multorum</strong></span> <span class='ocrx_word' id='word_1_59' title='bbox 580 1082 885 1169; x_wconf 86' lang='lat' dir='ltr'><strong>reprehensionibus·</strong></span> <span class='ocrx_word' id='word_1_60' title='bbox 903 1089 935 1150; x_wconf 90' lang='lat' dir='ltr'><strong>et</strong></span> <span class='ocrx_word' id='word_1_61' title='bbox 955 1086 1089 1151; x_wconf 86' lang='lat' dir='ltr'><strong>diversis</strong></span> <span class='ocrx_word' id='word_1_62' title='bbox 1113 1083 1376 1170; x_wconf 72' lang='lat' dir='ltr'><strong>explicationibus</strong></span> <span class='ocrx_word' id='word_1_63' title='bbox 1397 1085 1567 1152; x_wconf 86' lang='lat' dir='ltr'><strong>nobilitato</strong></span> 
     </span>
     <span class='ocr_line' id='line_1_8' title="bbox 385 1183 1569 1281; baseline 0.004 -31"><span class='ocrx_word' id='word_1_64' title='bbox 385 1206 418 1273; x_wconf 87' lang='lat' dir='ltr'><strong>p.</strong></span> <span class='ocrx_word' id='word_1_65' title='bbox 446 1189 521 1265; x_wconf 80' lang='lat'><strong>398,</strong></span> <span class='ocrx_word' id='word_1_66' title='bbox 545 1189 580 1252; x_wconf 79' lang='lat' dir='ltr'><strong>t.</strong></span> <span class='ocrx_word' id='word_1_67' title='bbox 604 1208 692 1274; x_wconf 69' lang='grc' dir='ltr'><strong><em>τηερε</em></strong></span> <span class='ocrx_word' id='word_1_68' title='bbox 710 1183 846 1278; x_wconf 69' lang='grc' dir='ltr'><strong><em>’Ἄνδρα</em></strong></span> <span class='ocrx_word' id='word_1_69' title='bbox 871 1184 929 1270; x_wconf 83' lang='grc' dir='ltr'><strong>δὴ,</strong></span> <span class='ocrx_word' id='word_1_70' title='bbox 956 1183 999 1266; x_wconf 81' lang='grc' dir='ltr'><strong>ὡς</strong></span> <span class='ocrx_word' id='word_1_71' title='bbox 1021 1187 1120 1269; x_wconf 77' lang='grc' dir='ltr'><strong><em>ἔοικε,</em></strong></span> <span class='ocrx_word' id='word_1_72' title='bbox 1146 1185 1325 1276; x_wconf 75' lang='grc' dir='ltr'><em>δυνάμενον</em></span> <span class='ocrx_word' id='word_1_73' title='bbox 1346 1184 1411 1256; x_wconf 72' lang='lat' dir='ltr'><strong>otro</strong></span> <span class='ocrx_word' id='word_1_74' title='bbox 1441 1189 1569 1281; x_wconf 79' lang='grc' dir='ltr'><strong><em>σοφίας</em></strong></span> 
     </span>
     <span class='ocr_line' id='line_1_9' title="bbox 385 1285 1568 1380; baseline 0.003 -24"><span class='ocrx_word' id='word_1_75' title='bbox 385 1285 600 1357; x_wconf 87' lang='grc' dir='ltr'><strong><em>παντοδαπόν</em></strong></span> <span class='ocrx_word' id='word_1_76' title='bbox 624 1291 804 1376; x_wconf 79' lang='grc' dir='ltr'><strong><em>γίγνεσθαι</em></strong></span> <span class='ocrx_word' id='word_1_77' title='bbox 828 1297 885 1358; x_wconf 81' lang='grc' dir='ltr'><strong>καὶ</strong></span> <span class='ocrx_word' id='word_1_78' title='bbox 909 1295 1091 1380; x_wconf 79' lang='grc' dir='ltr'><strong><em>μιμεῖσθαι</em></strong></span> <span class='ocrx_word' id='word_1_79' title='bbox 1117 1287 1226 1359; x_wconf 81' lang='grc' dir='ltr'><strong><em>πάντα</em></strong></span> <span class='ocrx_word' id='word_1_80' title='bbox 1246 1288 1412 1380; x_wconf 81' lang='grc' dir='ltr'><strong><em>χρήματα,</em></strong></span> <span class='ocrx_word' id='word_1_81' title='bbox 1437 1288 1469 1359; x_wconf 88' lang='grc' dir='ltr'><strong><em>εἰ</em></strong></span> <span class='ocrx_word' id='word_1_82' title='bbox 1488 1287 1568 1378; x_wconf 85' lang='grc' dir='ltr'><em>ἡμῖν</em></span> 
     </span>
     <span class='ocr_line' id='line_1_10' title="bbox 386 1387 1567 1485; baseline 0.003 -26"><span class='ocrx_word' id='word_1_83' title='bbox 386 1387 543 1485; x_wconf 73' lang='grc' dir='ltr'><strong><em>ἀφίκοιτο</em></strong></span> <span class='ocrx_word' id='word_1_84' title='bbox 572 1389 617 1471; x_wconf 85' lang='grc' dir='ltr'><strong><em>εἰς</em></strong></span> <span class='ocrx_word' id='word_1_85' title='bbox 638 1390 698 1475; x_wconf 86' lang='grc' dir='ltr'><strong><em>τὴν</em></strong></span> <span class='ocrx_word' id='word_1_86' title='bbox 722 1389 817 1461; x_wconf 89' lang='grc' dir='ltr'><strong><em>πόλιν</em></strong></span> <span class='ocrx_word' id='word_1_87' title='bbox 843 1390 944 1473; x_wconf 81' lang='grc' dir='ltr'><strong><em>ἇύτός</em></strong></span> <span class='ocrx_word' id='word_1_88' title='bbox 967 1419 1002 1461; x_wconf 86' lang='grc' dir='ltr'><strong>τε</strong></span> <span class='ocrx_word' id='word_1_89' title='bbox 1025 1399 1081 1460; x_wconf 77' lang='grc' dir='ltr'><strong>καὶ</strong></span> <span class='ocrx_word' id='word_1_90' title='bbox 1105 1391 1149 1461; x_wconf 82' lang='grc' dir='ltr'><strong><em>τὰ</em></strong></span> <span class='ocrx_word' id='word_1_91' title='bbox 1173 1391 1344 1481; x_wconf 78' lang='grc' dir='ltr'><strong><em>ποιήματα</em></strong></span> <span class='ocrx_word' id='word_1_92' title='bbox 1364 1391 1567 1483; x_wconf 80' lang='grc' dir='ltr'><strong><em>βουλόμενος</em></strong></span> 
     </span>
     <span class='ocr_line' id='line_1_11' title="bbox 387 1493 1568 1588; baseline 0.002 -26"><span class='ocrx_word' id='word_1_93' title='bbox 387 1496 631 1576; x_wconf 76' lang='grc' dir='ltr'><strong><em>ἐπιδείξασθαι,</em></strong></span> <span class='ocrx_word' id='word_1_94' title='bbox 654 1503 892 1588; x_wconf 79' lang='grc' dir='ltr'><strong>προσκυνοῖμεν</strong></span> <span class='ocrx_word' id='word_1_95' title='bbox 917 1493 958 1566; x_wconf 73' lang='grc' dir='ltr'><strong>ἄν</strong></span> <span class='ocrx_word' id='word_1_96' title='bbox 985 1494 1088 1565; x_wconf 78' lang='grc' dir='ltr'><strong><em>αὐτόν</em></strong></span> <span class='ocrx_word' id='word_1_97' title='bbox 1116 1493 1159 1576; x_wconf 79' lang='grc' dir='ltr'><strong>ὡς</strong></span> <span class='ocrx_word' id='word_1_98' title='bbox 1190 1495 1277 1586; x_wconf 79' lang='grc' dir='ltr'><strong><em>ἱερὸν</em></strong></span> <span class='ocrx_word' id='word_1_99' title='bbox 1303 1504 1360 1565; x_wconf 80' lang='grc' dir='ltr'><strong>καὶ</strong></span> <span class='ocrx_word' id='word_1_100' title='bbox 1381 1496 1568 1586; x_wconf 84' lang='grc' dir='ltr'><strong><em>θανμαςὸν</em></strong></span> 
     </span>
     <span class='ocr_line' id='line_1_12' title="bbox 387 1593 1567 1697; baseline 0.002 -31"><span class='ocrx_word' id='word_1_101' title='bbox 387 1605 443 1666; x_wconf 79' lang='grc' dir='ltr'><strong>καὶ</strong></span> <span class='ocrx_word' id='word_1_102' title='bbox 468 1593 569 1680; x_wconf 79' lang='grc' dir='ltr'><strong><em>ἡδὺν,</em></strong></span> <span class='ocrx_word' id='word_1_103' title='bbox 599 1602 743 1689; x_wconf 77' lang='grc' dir='ltr'><em>εἴποιμεν</em></span> <span class='ocrx_word' id='word_1_104' title='bbox 764 1596 797 1667; x_wconf 78' lang='grc' dir='ltr'><strong>δ’</strong></span> <span class='ocrx_word' id='word_1_105' title='bbox 826 1598 884 1681; x_wconf 74' lang='grc' dir='ltr'><strong>ἂν,</strong></span> <span class='ocrx_word' id='word_1_106' title='bbox 922 1593 975 1667; x_wconf 85' lang='grc' dir='ltr'><strong>ότι</strong></span> <span class='ocrx_word' id='word_1_107' title='bbox 995 1596 1058 1667; x_wconf 76' lang='grc' dir='ltr'><strong>οὐκ</strong></span> <span class='ocrx_word' id='word_1_108' title='bbox 1080 1600 1150 1668; x_wconf 79' lang='grc' dir='ltr'><strong><em>ἔστι</em></strong></span> <span class='ocrx_word' id='word_1_109' title='bbox 1171 1603 1323 1679; x_wconf 77' lang='grc' dir='ltr'><strong><em>τοιοῦτος</em></strong></span> <span class='ocrx_word' id='word_1_110' title='bbox 1347 1597 1430 1691; x_wconf 80' lang='grc' dir='ltr'><strong><em>ἀνὴρ</em></strong></span> <span class='ocrx_word' id='word_1_111' title='bbox 1456 1603 1497 1668; x_wconf 86' lang='grc' dir='ltr'><strong>έν</strong></span> <span class='ocrx_word' id='word_1_112' title='bbox 1523 1605 1567 1697; x_wconf 77' lang='grc' dir='ltr'><strong><em>τῇ</em></strong></span> 
     </span>
     <span class='ocr_line' id='line_1_13' title="bbox 385 1697 1567 1794; baseline 0.001 -23"><span class='ocrx_word' id='word_1_113' title='bbox 385 1697 509 1771; x_wconf 86' lang='grc' dir='ltr'><strong><em>πόλει</em></strong></span> <span class='ocrx_word' id='word_1_114' title='bbox 536 1698 622 1794; x_wconf 75' lang='grc' dir='ltr'><strong><em>παρ’</em></strong></span> <span class='ocrx_word' id='word_1_115' title='bbox 651 1697 750 1790; x_wconf 78' lang='grc' dir='ltr'><em>ἡμῖν</em></span> <span class='ocrx_word' id='word_1_116' title='bbox 778 1700 854 1770; x_wconf 73' lang='grc' dir='ltr'><strong><em>οὔτε</em></strong></span> <span class='ocrx_word' id='word_1_117' title='bbox 884 1707 987 1792; x_wconf 89' lang='grc' dir='ltr'><strong><em>θέμις</em></strong></span> <span class='ocrx_word' id='word_1_118' title='bbox 1010 1706 1224 1790; x_wconf 70' lang='grc' dir='ltr'><strong>ἐγγενέσθαι,</strong></span> <span class='ocrx_word' id='word_1_119' title='bbox 1256 1700 1507 1793; x_wconf 72' lang='grc' dir='ltr'><em>ἀποπέμποιμέν</em></span> <span class='ocrx_word' id='word_1_120' title='bbox 1532 1731 1567 1772; x_wconf 89' lang='grc' dir='ltr'><strong>τε</strong></span> 
     </span>
     <span class='ocr_line' id='line_1_14' title="bbox 387 1801 1566 1900; baseline 0.002 -27"><span class='ocrx_word' id='word_1_121' title='bbox 387 1803 434 1886; x_wconf 82' lang='grc' dir='ltr'><strong><em>εἰς</em></strong></span> <span class='ocrx_word' id='word_1_122' title='bbox 455 1803 559 1888; x_wconf 77' lang='grc' dir='ltr'><strong><em>ἄλλην</em></strong></span> <span class='ocrx_word' id='word_1_123' title='bbox 577 1801 674 1874; x_wconf 91' lang='grc' dir='ltr'><strong><em>πόλιν</em></strong></span> <span class='ocrx_word' id='word_1_124' title='bbox 698 1802 804 1896; x_wconf 84' lang='grc' dir='ltr'><strong><em>μύρον</em></strong></span> <span class='ocrx_word' id='word_1_125' title='bbox 829 1805 916 1874; x_wconf 78' lang='grc' dir='ltr'><strong><em>κατὰ</em></strong></span> <span class='ocrx_word' id='word_1_126' title='bbox 938 1810 997 1889; x_wconf 79' lang='grc' dir='ltr'><strong><em>τῆς</em></strong></span> <span class='ocrx_word' id='word_1_127' title='bbox 1019 1809 1166 1899; x_wconf 75' lang='grc' dir='ltr'><strong><em>κεφαλῆς</em></strong></span> <span class='ocrx_word' id='word_1_128' title='bbox 1182 1808 1407 1896; x_wconf 83' lang='grc' dir='ltr'><strong><em>’καταχέαντες</em></strong></span> <span class='ocrx_word' id='word_1_129' title='bbox 1420 1813 1477 1874; x_wconf 84' lang='grc' dir='ltr'><strong>καλ</strong></span> <span class='ocrx_word' id='word_1_130' title='bbox 1491 1809 1566 1900; x_wconf 83' lang='grc' dir='ltr'><strong>έρὶῳ</strong></span> 
     </span>
     <span class='ocr_line' id='line_1_15' title="bbox 387 1905 1566 2005; baseline -0.002 -27"><span class='ocrx_word' id='word_1_131' title='bbox 387 1913 578 2005; x_wconf 80' lang='grc' dir='ltr'><strong><em>στέψαντες,</em></strong></span> <span class='ocrx_word' id='word_1_132' title='bbox 599 1905 694 1978; x_wconf 76' lang='grc' dir='ltr'><strong><em>αὐτοὶ</em></strong></span> <span class='ocrx_word' id='word_1_133' title='bbox 720 1906 751 1977; x_wconf 76' lang='grc' dir='ltr'><strong>δ’</strong></span> <span class='ocrx_word' id='word_1_134' title='bbox 774 1907 816 1978; x_wconf 72' lang='grc' dir='ltr'><strong>ἰόν</strong></span> <span class='ocrx_word' id='word_1_135' title='bbox 840 1912 885 2003; x_wconf 77' lang='grc' dir='ltr'><strong><em>τῷ</em></strong></span> <span class='ocrx_word' id='word_1_136' title='bbox 901 1907 1142 2002; x_wconf 80' lang='grc' dir='ltr'><strong><em>αὐστηροτέρῳ,</em></strong></span> <span class='ocrx_word' id='word_1_137' title='bbox 1169 1916 1225 1977; x_wconf 85' lang='grc' dir='ltr'><strong>καὶ</strong></span> <span class='ocrx_word' id='word_1_138' title='bbox 1241 1906 1424 2003; x_wconf 76' lang='grc' dir='ltr'><strong><em>ἀηδεστέρῳ</em></strong></span> <span class='ocrx_word' id='word_1_139' title='bbox 1446 1912 1566 2004; x_wconf 83' lang='grc' dir='ltr'><strong><em>ποιητῇ</em></strong></span> 
     </span>
     <span class='ocr_line' id='line_1_16' title="bbox 384 2007 1567 2106; baseline -0.001 -26"><span class='ocrx_word' id='word_1_140' title='bbox 384 2010 549 2106; x_wconf 79' lang='grc' dir='ltr'><strong><em>χρῴμεθα</em></strong></span> <span class='ocrx_word' id='word_1_141' title='bbox 570 2019 625 2081; x_wconf 82' lang='grc' dir='ltr'><strong>καὶ</strong></span> <span class='ocrx_word' id='word_1_142' title='bbox 644 2009 829 2105; x_wconf 82' lang='grc' dir='ltr'><strong><em>μυθολόγῳ</em></strong></span> <span class='ocrx_word' id='word_1_143' title='bbox 858 2010 1018 2105; x_wconf 79' lang='grc' dir='ltr'><strong><em>ὠφελείας</em></strong></span> <span class='ocrx_word' id='word_1_144' title='bbox 1044 2017 1150 2094; x_wconf 74' lang='grc' dir='ltr'><strong><em>ἕνεκα,</em></strong></span> <span class='ocrx_word' id='word_1_145' title='bbox 1174 2007 1212 2092; x_wconf 70' lang='grc' dir='ltr'><strong>ὃς</strong></span> <span class='ocrx_word' id='word_1_146' title='bbox 1235 2011 1313 2100; x_wconf 76' lang='grc' dir='ltr'><em>ἡμῖν</em></span> <span class='ocrx_word' id='word_1_147' title='bbox 1340 2011 1398 2096; x_wconf 83' lang='grc' dir='ltr'><strong><em>τὴν</em></strong></span> <span class='ocrx_word' id='word_1_148' title='bbox 1418 2015 1477 2081; x_wconf 79' lang='grc' dir='ltr'><strong><em>τοῦ</em></strong></span> <span class='ocrx_word' id='word_1_149' title='bbox 1498 2015 1567 2080; x_wconf 79' lang='grc' dir='ltr'><strong><em>ἐπι-</em></strong></span> 
     </span>
     <span class='ocr_line' id='line_1_17' title="bbox 387 2109 1567 2204; baseline -0.002 -20"><span class='ocrx_word' id='word_1_150' title='bbox 387 2119 494 2194; x_wconf 81' lang='grc' dir='ltr'><strong><em>εικοῦς</em></strong></span> <span class='ocrx_word' id='word_1_151' title='bbox 517 2116 601 2197; x_wconf 81' lang='grc' dir='ltr'><strong><em>λέξιν</em></strong></span> <span class='ocrx_word' id='word_1_152' title='bbox 620 2121 755 2204; x_wconf 80' lang='grc' dir='ltr'><strong><em>μιμοῖτο</em></strong></span> <span class='ocrx_word' id='word_1_153' title='bbox 777 2122 833 2182; x_wconf 77' lang='grc' dir='ltr'><strong>καὶ</strong></span> <span class='ocrx_word' id='word_1_154' title='bbox 857 2114 898 2182; x_wconf 78' lang='grc' dir='ltr'><strong><em>τὰ</em></strong></span> <span class='ocrx_word' id='word_1_155' title='bbox 919 2111 1076 2203; x_wconf 90' lang='grc' dir='ltr'><strong><em>λεγόμενα</em></strong></span> <span class='ocrx_word' id='word_1_156' title='bbox 1097 2120 1186 2202; x_wconf 88' lang='grc' dir='ltr'><strong><em>λέγοι</em></strong></span> <span class='ocrx_word' id='word_1_157' title='bbox 1208 2119 1242 2184; x_wconf 85' lang='grc' dir='ltr'><strong>έν</strong></span> <span class='ocrx_word' id='word_1_158' title='bbox 1265 2117 1398 2196; x_wconf 84' lang='grc' dir='ltr'><strong><em>εἰιεένοις</em></strong></span> <span class='ocrx_word' id='word_1_159' title='bbox 1420 2122 1492 2195; x_wconf 83' lang='grc' dir='ltr'><strong><em>τοῖς</em></strong></span> <span class='ocrx_word' id='word_1_160' title='bbox 1510 2109 1567 2183; x_wconf 83' lang='grc' dir='ltr'><strong><em>τιν’-</em></strong></span> 
     </span>
     <span class='ocr_line' id='line_1_18' title="bbox 386 2211 1568 2310; baseline -0.001 -23"><span class='ocrx_word' id='word_1_161' title='bbox 386 2245 479 2300; x_wconf 87' lang='grc' dir='ltr'><strong><em>ποις,</em></strong></span> <span class='ocrx_word' id='word_1_162' title='bbox 508 2212 560 2298; x_wconf 83' lang='grc' dir='ltr'><strong>οἷς</strong></span> <span class='ocrx_word' id='word_1_163' title='bbox 579 2215 647 2286; x_wconf 82' lang='grc' dir='ltr'><strong><em>κατ’</em></strong></span> <span class='ocrx_word' id='word_1_164' title='bbox 679 2215 784 2310; x_wconf 75' lang='grc' dir='ltr'><strong><em>ἀργός</em></strong></span> <span class='ocrx_word' id='word_1_165' title='bbox 812 2215 1157 2308; x_wconf 75' lang='grc' dir='ltr'><strong><em>ἐνομοθετησάμεθα,</em></strong></span> <span class='ocrx_word' id='word_1_166' title='bbox 1185 2211 1238 2288; x_wconf 80' lang='grc' dir='ltr'><strong>ὅτε</strong></span> <span class='ocrx_word' id='word_1_167' title='bbox 1263 2216 1340 2298; x_wconf 82' lang='grc' dir='ltr'><strong><em>τοὺς</em></strong></span> <span class='ocrx_word' id='word_1_168' title='bbox 1360 2214 1568 2307; x_wconf 85' lang='grc' dir='ltr'><strong><em>στρατιώτας</em></strong></span> 
     </span>
     <span class='ocr_line' id='line_1_19' title="bbox 389 2315 1570 2412; baseline -0.002 -22"><span class='ocrx_word' id='word_1_169' title='bbox 389 2323 612 2412; x_wconf 72' lang='grc' dir='ltr'><strong><em>ἐπεχειροῦμεν</em></strong></span> <span class='ocrx_word' id='word_1_170' title='bbox 626 2318 802 2392; x_wconf 80' lang='grc' dir='ltr'><strong><em>παιδεύειν.</em></strong></span> <span class='ocrx_word' id='word_1_171' title='bbox 844 2326 915 2390; x_wconf 82' lang='lat' dir='ltr'><strong>Kal</strong></span> <span class='ocrx_word' id='word_1_172' title='bbox 940 2318 1029 2410; x_wconf 78' lang='grc' dir='ltr'><strong><em>μόλ’,</em></strong></span> <span class='ocrx_word' id='word_1_173' title='bbox 1054 2323 1127 2411; x_wconf 83' lang='grc' dir='ltr'><strong><em>ἔφη,</em></strong></span> <span class='ocrx_word' id='word_1_174' title='bbox 1157 2315 1261 2402; x_wconf 78' lang='grc' dir='ltr'><strong><em>οὕτως</em></strong></span> <span class='ocrx_word' id='word_1_175' title='bbox 1285 2319 1326 2389; x_wconf 79' lang='grc' dir='ltr'><strong>όέν</strong></span> <span class='ocrx_word' id='word_1_176' title='bbox 1350 2331 1511 2411; x_wconf 89' lang='grc' dir='ltr'><strong><em>ποιοῖμεν,</em></strong></span> <span class='ocrx_word' id='word_1_177' title='bbox 1539 2319 1570 2389; x_wconf 84' lang='grc' dir='ltr'><strong><em>εἰ</em></strong></span> 
     </span>
     <span class='ocr_line' id='line_1_20' title="bbox 291 2421 1567 2519; baseline -0.002 -26"><span class='ocrx_word' id='word_1_178' title='bbox 291 2483 298 2496; x_wconf 93' lang='grc'>.</span> <span class='ocrx_word' id='word_1_179' title='bbox 388 2422 437 2519; x_wconf 77' lang='grc' dir='ltr'><strong>ἐφ’</strong></span> <span class='ocrx_word' id='word_1_180' title='bbox 468 2421 546 2513; x_wconf 80' lang='grc' dir='ltr'><em>ἡμῖν</em></span> <span class='ocrx_word' id='word_1_181' title='bbox 571 2427 631 2508; x_wconf 82' lang='grc' dir='ltr'><strong><em>εἴη.</em></strong></span> <span class='ocrx_word' id='word_1_182' title='bbox 661 2445 725 2513; x_wconf 89' lang='lat' dir='ltr'><strong>qno</strong></span> <span class='ocrx_word' id='word_1_183' title='bbox 752 2425 959 2512; x_wconf 86' lang='lat' dir='ltr'><strong>philosophus</strong></span> <span class='ocrx_word' id='word_1_184' title='bbox 987 2447 1051 2493; x_wconf 90' lang='lat' dir='ltr'><strong>non</strong></span> <span class='ocrx_word' id='word_1_185' title='bbox 1079 2429 1253 2494; x_wconf 83' lang='lat' dir='ltr'><strong>Homerum</strong></span> <span class='ocrx_word' id='word_1_186' title='bbox 1275 2425 1444 2501; x_wconf 76' lang='lat' dir='ltr'><strong>intellexit,</strong></span> <span class='ocrx_word' id='word_1_187' title='bbox 1479 2425 1567 2511; x_wconf 89' lang='lat' dir='ltr'><strong>quod</strong></span> 
     </span>
     <span class='ocr_line' id='line_1_21' title="bbox 387 2525 1567 2619; baseline 0 -24"><span class='ocrx_word' id='word_1_188' title='bbox 387 2529 555 2617; x_wconf 87' lang='lat' dir='ltr'><strong>perspicue</strong></span> <span class='ocrx_word' id='word_1_189' title='bbox 576 2529 690 2597; x_wconf 79' lang='lat' dir='ltr'>docent</span> <span class='ocrx_word' id='word_1_190' title='bbox 710 2527 823 2597; x_wconf 83' lang='lat' dir='ltr'><strong>verba:</strong></span> <span class='ocrx_word' id='word_1_191' title='bbox 844 2526 974 2619; x_wconf 76' lang='grc' dir='ltr'><strong><em>Ἀνδρα</em></strong></span> <span class='ocrx_word' id='word_1_192' title='bbox 998 2525 1177 2618; x_wconf 82' lang='grc' dir='ltr'><strong><em>δαιόμενον</em></strong></span> <span class='ocrx_word' id='word_1_193' title='bbox 1201 2526 1265 2598; x_wconf 87' lang='grc' dir='ltr'><strong>ὑπὸ</strong></span> <span class='ocrx_word' id='word_1_194' title='bbox 1284 2530 1417 2618; x_wconf 82' lang='grc' dir='ltr'><strong><em>σοφίας</em></strong></span> <span class='ocrx_word' id='word_1_195' title='bbox 1442 2553 1567 2596; x_wconf 84' lang='grc' dir='ltr'><strong><em>παντο-</em></strong></span> 
     </span>
     <span class='ocr_line' id='line_1_22' title="bbox 388 2628 1566 2721; baseline -0.002 -21"><span class='ocrx_word' id='word_1_196' title='bbox 388 2629 496 2700; x_wconf 85' lang='grc' dir='ltr'><strong><em>δαπὸν</em></strong></span> <span class='ocrx_word' id='word_1_197' title='bbox 520 2633 774 2719; x_wconf 79' lang='grc' dir='ltr'><strong><em>γίγνεσθαικαὶ</em></strong></span> <span class='ocrx_word' id='word_1_198' title='bbox 800 2637 984 2720; x_wconf 80' lang='grc' dir='ltr'><strong><em>μιμεῖσθαι</em></strong></span> <span class='ocrx_word' id='word_1_199' title='bbox 1008 2629 1117 2700; x_wconf 80' lang='grc' dir='ltr'><strong><em>πάντα</em></strong></span> <span class='ocrx_word' id='word_1_200' title='bbox 1139 2628 1305 2721; x_wconf 79' lang='grc' dir='ltr'><strong><em>χρήματα,</em></strong></span> <span class='ocrx_word' id='word_1_201' title='bbox 1336 2654 1416 2720; x_wconf 88' lang='lat' dir='ltr'><strong>quae</strong></span> <span class='ocrx_word' id='word_1_202' title='bbox 1438 2632 1479 2698; x_wconf 87' lang='lat' dir='ltr'><strong>dc</strong></span> <span class='ocrx_word' id='word_1_203' title='bbox 1500 2636 1566 2698; x_wconf 86' lang='lat' dir='ltr'><strong>Ho-</strong></span> 
     </span>
     <span class='ocr_line' id='line_1_23' title="bbox 388 2735 1568 2824; baseline -0.003 -20"><span class='ocrx_word' id='word_1_204' title='bbox 388 2757 478 2804; x_wconf 86' lang='lat' dir='ltr'><strong>mero</strong></span> <span class='ocrx_word' id='word_1_205' title='bbox 499 2737 606 2804; x_wconf 82' lang='lat' dir='ltr'><strong>valere</strong></span> <span class='ocrx_word' id='word_1_206' title='bbox 627 2757 692 2804; x_wconf 88' lang='lat' dir='ltr'><strong>non</strong></span> <span class='ocrx_word' id='word_1_207' title='bbox 712 2745 853 2824; x_wconf 74' lang='lat' dir='ltr'><strong>possum.</strong></span> <span class='ocrx_word' id='word_1_208' title='bbox 903 2740 1049 2804; x_wconf 77' lang='lat' dir='ltr'><strong>Ceterum</strong></span> <span class='ocrx_word' id='word_1_209' title='bbox 1070 2757 1134 2803; x_wconf 87' lang='lat' dir='ltr'><strong>nen</strong></span> <span class='ocrx_word' id='word_1_210' title='bbox 1156 2736 1249 2802; x_wconf 86' lang='lat' dir='ltr'><strong>aliam</strong></span> <span class='ocrx_word' id='word_1_211' title='bbox 1270 2735 1312 2803; x_wconf 91' lang='lat' dir='ltr'><strong>cb</strong></span> <span class='ocrx_word' id='word_1_212' title='bbox 1334 2757 1461 2803; x_wconf 88' lang='lat' dir='ltr'><strong>causam</strong></span> <span class='ocrx_word' id='word_1_213' title='bbox 1481 2739 1568 2802; x_wconf 90' lang='lat' dir='ltr'><strong>hunc</strong></span> 
     </span>
     <span class='ocr_line' id='line_1_24' title="bbox 386 2839 1567 2926; baseline -0.002 -20"><span class='ocrx_word' id='word_1_214' title='bbox 386 2847 515 2926; x_wconf 79' lang='lat' dir='ltr'><strong>petitam</strong></span> <span class='ocrx_word' id='word_1_215' title='bbox 545 2861 587 2905; x_wconf 85' lang='lat' dir='ltr'><strong>cx</strong></span> <span class='ocrx_word' id='word_1_216' title='bbox 613 2841 733 2926; x_wconf 90' lang='lat' dir='ltr'><strong>optima</strong></span> <span class='ocrx_word' id='word_1_217' title='bbox 755 2841 879 2906; x_wconf 81' lang='lat' dir='ltr'><strong>civitate</strong></span> <span class='ocrx_word' id='word_1_218' title='bbox 901 2839 1040 2926; x_wconf 81' lang='lat' dir='ltr'><strong>ablegari</strong></span> <span class='ocrx_word' id='word_1_219' title='bbox 1061 2839 1168 2916; x_wconf 87' lang='lat' dir='ltr'><strong>vides,</strong></span> <span class='ocrx_word' id='word_1_220' title='bbox 1203 2861 1298 2926; x_wconf 79' lang='grc' dir='ltr'><strong><em>ηοεοι</em></strong></span> <span class='ocrx_word' id='word_1_221' title='bbox 1321 2839 1406 2926; x_wconf 87' lang='lat' dir='ltr'><strong>qued</strong></span> <span class='ocrx_word' id='word_1_222' title='bbox 1428 2839 1498 2906; x_wconf 86' lang='lat' dir='ltr'><strong>eius</strong></span> <span class='ocrx_word' id='word_1_223' title='bbox 1519 2840 1567 2906; x_wconf 91' lang='lat' dir='ltr'><strong>di-</strong></span> 
     </span>
     <span class='ocr_line' id='line_1_25' title="bbox 388 2943 1567 3030; baseline 0 -20"><span class='ocrx_word' id='word_1_224' title='bbox 388 2943 482 3010; x_wconf 86' lang='lat' dir='ltr'><strong>cendi</strong></span> <span class='ocrx_word' id='word_1_225' title='bbox 503 2964 605 3027; x_wconf 83' lang='lat' dir='ltr'><strong>genus</strong></span> <span class='ocrx_word' id='word_1_226' title='bbox 625 2944 762 3010; x_wconf 88' lang='lat' dir='ltr'><strong>institiae</strong></span> <span class='ocrx_word' id='word_1_227' title='bbox 780 2945 973 3010; x_wconf 86' lang='lat' dir='ltr'><strong>contrarium</strong></span> <span class='ocrx_word' id='word_1_228' title='bbox 986 2943 1037 3010; x_wconf 86' lang='lat' dir='ltr'><strong>sit.</strong></span> <span class='ocrx_word' id='word_1_229' title='bbox 1081 2943 1175 3021; x_wconf 88' lang='lat' dir='ltr'><strong>Quod</strong></span> <span class='ocrx_word' id='word_1_230' title='bbox 1196 2943 1223 3009; x_wconf 90' lang='lat' dir='ltr'><strong>si</strong></span> <span class='ocrx_word' id='word_1_231' title='bbox 1244 2943 1343 3028; x_wconf 80' lang='lat' dir='ltr'><strong>igitur</strong></span> <span class='ocrx_word' id='word_1_232' title='bbox 1357 2943 1567 3030; x_wconf 86' lang='lat' dir='ltr'><strong>philosophus</strong></span> 
     </span>
     <span class='ocr_line' id='line_1_26' title="bbox 388 3045 1565 3134; baseline -0.002 -20"><span class='ocrx_word' id='word_1_233' title='bbox 388 3045 448 3114; x_wconf 86' lang='lat' dir='ltr'><strong>sibi</strong></span> <span class='ocrx_word' id='word_1_234' title='bbox 470 3054 503 3113; x_wconf 89' lang='lat' dir='ltr'><strong>et</strong></span> <span class='ocrx_word' id='word_1_235' title='bbox 521 3051 698 3134; x_wconf 79' lang='lat' dir='ltr'><strong>praeceptis</strong></span> <span class='ocrx_word' id='word_1_236' title='bbox 719 3048 785 3113; x_wconf 89' lang='lat' dir='ltr'><strong>suis</strong></span> <span class='ocrx_word' id='word_1_237' title='bbox 807 3056 951 3113; x_wconf 80' lang='lat' dir='ltr'><strong>constare</strong></span> <span class='ocrx_word' id='word_1_238' title='bbox 972 3047 1082 3122; x_wconf 88' lang='lat' dir='ltr'><strong>vallet,</strong></span> <span class='ocrx_word' id='word_1_239' title='bbox 1105 3067 1169 3112; x_wconf 94' lang='lat' dir='ltr'><strong>nen</strong></span> <span class='ocrx_word' id='word_1_240' title='bbox 1190 3047 1293 3132; x_wconf 75' lang='lat' dir='ltr'><strong>poturit</strong></span> <span class='ocrx_word' id='word_1_241' title='bbox 1319 3067 1392 3112; x_wconf 87' lang='lat' dir='ltr'><strong>eum</strong></span> <span class='ocrx_word' id='word_1_242' title='bbox 1414 3046 1565 3122; x_wconf 87' lang='lat' dir='ltr'><strong>retinere,</strong></span> 
     </span>
     <span class='ocr_line' id='line_1_27' title="bbox 389 3147 1649 3246; baseline -0.003 -27"><span class='ocrx_word' id='word_1_243' title='bbox 389 3159 421 3218; x_wconf 87' lang='lat' dir='ltr'><strong>et</strong></span> <span class='ocrx_word' id='word_1_244' title='bbox 440 3150 595 3218; x_wconf 86' lang='lat' dir='ltr'><strong>laudanda</strong></span> <span class='ocrx_word' id='word_1_245' title='bbox 615 3151 720 3238; x_wconf 89' lang='lat' dir='ltr'><strong>potius</strong></span> <span class='ocrx_word' id='word_1_246' title='bbox 740 3150 919 3237; x_wconf 90' lang='lat' dir='ltr'><strong>philosophi</strong></span> <span class='ocrx_word' id='word_1_247' title='bbox 941 3151 1125 3226; x_wconf 86' lang='lat' dir='ltr'><strong>hnmanitas,</strong></span> <span class='ocrx_word' id='word_1_248' title='bbox 1149 3151 1202 3236; x_wconf 90' lang='lat' dir='ltr'><strong>qni</strong></span> <span class='ocrx_word' id='word_1_249' title='bbox 1224 3170 1290 3216; x_wconf 87' lang='lat' dir='ltr'><strong>con</strong></span> <span class='ocrx_word' id='word_1_250' title='bbox 1314 3169 1385 3216; x_wconf 89' lang='lat' dir='ltr'><strong>cnm</strong></span> <span class='ocrx_word' id='word_1_251' title='bbox 1409 3147 1567 3222; x_wconf 84' lang='lat' dir='ltr'><strong>dedecore</strong></span> <span class='ocrx_word' id='word_1_252' title='bbox 1648 3217 1649 3246; x_wconf 19' lang='grc' dir='ltr'>ζ</span> 
     </span>
     <span class='ocr_line' id='line_1_28' title="bbox 388 3251 1565 3342; baseline -0.003 -20"><span class='ocrx_word' id='word_1_253' title='bbox 388 3261 445 3322; x_wconf 85' lang='lat' dir='ltr'><strong>aed</strong></span> <span class='ocrx_word' id='word_1_254' title='bbox 473 3255 595 3321; x_wconf 89' lang='lat' dir='ltr'><strong>honore</strong></span> <span class='ocrx_word' id='word_1_255' title='bbox 623 3254 819 3342; x_wconf 85' lang='lat' dir='ltr'><strong>praeclarum</strong></span> <span class='ocrx_word' id='word_1_256' title='bbox 849 3263 976 3340; x_wconf 77' lang='lat' dir='ltr'><strong>potitam</strong></span> <span class='ocrx_word' id='word_1_257' title='bbox 1002 3254 1036 3320; x_wconf 90' lang='lat' dir='ltr'><strong>in</strong></span> <span class='ocrx_word' id='word_1_258' title='bbox 1058 3253 1149 3319; x_wconf 88' lang='lat' dir='ltr'><strong>aliam</strong></span> <span class='ocrx_word' id='word_1_259' title='bbox 1172 3253 1331 3320; x_wconf 85' lang='lat' dir='ltr'><strong>civitatem</strong></span> <span class='ocrx_word' id='word_1_260' title='bbox 1352 3253 1401 3319; x_wconf 90' lang='lat' dir='ltr'><strong>ire</strong></span> <span class='ocrx_word' id='word_1_261' title='bbox 1423 3251 1565 3330; x_wconf 81' lang='lat' dir='ltr'><strong>inheret,</strong></span> 
     </span>
     <span class='ocr_line' id='line_1_29' title="bbox 389 3355 1569 3446; baseline -0.002 -22"><span class='ocrx_word' id='word_1_262' title='bbox 389 3379 469 3446; x_wconf 89' lang='lat' dir='ltr'><strong>quac</strong></span> <span class='ocrx_word' id='word_1_263' title='bbox 490 3358 646 3425; x_wconf 85' lang='lat' dir='ltr'><strong>suavitate</strong></span> <span class='ocrx_word' id='word_1_264' title='bbox 668 3357 736 3424; x_wconf 90' lang='lat' dir='ltr'><strong>eius</strong></span> <span class='ocrx_word' id='word_1_265' title='bbox 758 3358 978 3424; x_wconf 87' lang='lat' dir='ltr'><strong>delectaretur.</strong></span> <span class='ocrx_word' id='word_1_266' title='bbox 1030 3360 1165 3424; x_wconf 87' lang='lat' dir='ltr'><strong>Snuvern</strong></span> <span class='ocrx_word' id='word_1_267' title='bbox 1186 3355 1271 3422; x_wconf 88' lang='lat' dir='ltr'><strong>enim</strong></span> <span class='ocrx_word' id='word_1_268' title='bbox 1293 3375 1363 3423; x_wconf 87' lang='lat' dir='ltr'><strong>csse</strong></span> <span class='ocrx_word' id='word_1_269' title='bbox 1384 3361 1467 3424; x_wconf 88' lang='lat' dir='ltr'><strong>hunc</strong></span> <span class='ocrx_word' id='word_1_270' title='bbox 1489 3366 1569 3442; x_wconf 74' lang='lat' dir='ltr'><strong>pee-</strong></span> 
     </span>
     <span class='ocr_line' id='line_1_30' title="bbox 388 3458 1566 3546; baseline -0.004 -16"><span class='ocrx_word' id='word_1_271' title='bbox 388 3473 452 3530; x_wconf 84' lang='lat' dir='ltr'><strong>tam</strong></span> <span class='ocrx_word' id='word_1_272' title='bbox 474 3482 546 3528; x_wconf 87' lang='lat' dir='ltr'><strong>cnm</strong></span> <span class='ocrx_word' id='word_1_273' title='bbox 566 3466 628 3528; x_wconf 89' lang='lat' dir='ltr'><strong>hoc</strong></span> <span class='ocrx_word' id='word_1_274' title='bbox 648 3461 737 3538; x_wconf 87' lang='lat' dir='ltr'><strong>leco,</strong></span> <span class='ocrx_word' id='word_1_275' title='bbox 766 3470 833 3528; x_wconf 88' lang='lat' dir='ltr'><strong>tum</strong></span> <span class='ocrx_word' id='word_1_276' title='bbox 855 3460 925 3526; x_wconf 87' lang='lat' dir='ltr'><strong>eliis</strong></span> <span class='ocrx_word' id='word_1_277' title='bbox 945 3461 1052 3528; x_wconf 85' lang='lat' dir='ltr'><strong>multis</strong></span> <span class='ocrx_word' id='word_1_278' title='bbox 1072 3459 1241 3527; x_wconf 89' lang='lat' dir='ltr'><strong>indicatum</strong></span> <span class='ocrx_word' id='word_1_279' title='bbox 1263 3468 1321 3526; x_wconf 82' lang='lat' dir='ltr'><strong>est.</strong></span> <span class='ocrx_word' id='word_1_280' title='bbox 1361 3458 1406 3524; x_wconf 85' lang='lat' dir='ltr'><strong>Gl.</strong></span> <span class='ocrx_word' id='word_1_281' title='bbox 1436 3480 1467 3546; x_wconf 92' lang='lat' dir='ltr'><strong>p.</strong></span> <span class='ocrx_word' id='word_1_282' title='bbox 1492 3464 1566 3536; x_wconf 82' lang='lat'>387,</span> 
     </span>
     <span class='ocr_line' id='line_1_31' title="bbox 387 3551 1564 3651; baseline -0.005 -18"><span class='ocrx_word' id='word_1_283' title='bbox 387 3570 425 3633; x_wconf 84' lang='grc' dir='ltr'><strong>ο.</strong></span> <span class='ocrx_word' id='word_1_284' title='bbox 449 3570 527 3642; x_wconf 81' lang='lat' dir='ltr'><strong>asc,</strong></span> <span class='ocrx_word' id='word_1_285' title='bbox 552 3570 587 3632; x_wconf 83' lang='grc' dir='ltr'><strong><em>ε.</em></strong></span> <span class='ocrx_word' id='word_1_286' title='bbox 609 3569 686 3642; x_wconf 83' lang='lat' dir='ltr'><strong>aar,</strong></span> <span class='ocrx_word' id='word_1_287' title='bbox 708 3569 746 3630; x_wconf 88' lang='lat' dir='ltr'><strong>n.</strong></span> <span class='ocrx_word' id='word_1_288' title='bbox 770 3574 802 3631; x_wconf 80' lang='grc' dir='ltr'><strong><em>α</em></strong></span> <span class='ocrx_word' id='word_1_289' title='bbox 822 3568 902 3642; x_wconf 84' lang='lat' dir='ltr'><strong>aer,</strong></span> <span class='ocrx_word' id='word_1_290' title='bbox 926 3568 961 3632; x_wconf 85' lang='lat' dir='ltr'><strong>c.</strong></span> <span class='ocrx_word' id='word_1_291' title='bbox 985 3569 1039 3631; x_wconf 74' lang='grc' dir='ltr'><strong><em>και</em></strong></span> <span class='ocrx_word' id='word_1_292' title='bbox 1062 3565 1140 3642; x_wconf 74' lang='grc' dir='ltr'><strong>ἴσως</strong></span> <span class='ocrx_word' id='word_1_293' title='bbox 1161 3551 1195 3630; x_wconf 74' lang='grc' dir='ltr'><strong><em>εὖ</em></strong></span> <span class='ocrx_word' id='word_1_294' title='bbox 1219 3562 1282 3650; x_wconf 68' lang='grc' dir='ltr'><strong><em>ἔχει</em></strong></span> <span class='ocrx_word' id='word_1_295' title='bbox 1307 3559 1390 3651; x_wconf 70' lang='grc' dir='ltr'><strong>πρὸς</strong></span> <span class='ocrx_word' id='word_1_296' title='bbox 1412 3559 1496 3628; x_wconf 72' lang='grc' dir='ltr'><strong><em>λιιι</em></strong></span> <span class='ocrx_word' id='word_1_297' title='bbox 1521 3589 1564 3628; x_wconf 71' lang='grc' dir='ltr'><strong>α.</strong></span> 
     </span>
     <span class='ocr_line' id='line_1_32' title="bbox 388 3665 1568 3758; baseline -0.003 -22"><span class='ocrx_word' id='word_1_298' title='bbox 388 3691 484 3758; x_wconf 88' lang='lat' dir='ltr'><strong>quem</strong></span> <span class='ocrx_word' id='word_1_299' title='bbox 505 3668 609 3736; x_wconf 87' lang='lat' dir='ltr'><strong>locum</strong></span> <span class='ocrx_word' id='word_1_300' title='bbox 627 3690 692 3736; x_wconf 92' lang='lat' dir='ltr'><strong>non</strong></span> <span class='ocrx_word' id='word_1_301' title='bbox 707 3677 793 3735; x_wconf 88' lang='lat' dir='ltr'><strong>recte</strong></span> <span class='ocrx_word' id='word_1_302' title='bbox 806 3668 961 3736; x_wconf 83' lang='lat' dir='ltr'><strong>intellexit</strong></span> <span class='ocrx_word' id='word_1_303' title='bbox 976 3667 1205 3741; x_wconf 85' lang='lat' dir='ltr'><strong>Stallhanmins‚</strong></span> <span class='ocrx_word' id='word_1_304' title='bbox 1228 3665 1408 3752; x_wconf 77' lang='lat' dir='ltr'><strong>explicans:</strong></span> <span class='ocrx_word' id='word_1_305' title='bbox 1435 3666 1568 3734; x_wconf 72' lang='lat' dir='ltr'><strong>«Veluti</strong></span> 
     </span>
     <span class='ocr_line' id='line_1_33' title="bbox 388 3759 1162 3860; baseline -0.01 -20"><span class='ocrx_word' id='word_1_306' title='bbox 388 3773 429 3840; x_wconf 88' lang='lat' dir='ltr'><strong>ad</strong></span> <span class='ocrx_word' id='word_1_307' title='bbox 450 3773 559 3860; x_wconf 91' lang='lat' dir='ltr'><strong>populi</strong></span> <span class='ocrx_word' id='word_1_308' title='bbox 581 3775 707 3840; x_wconf 89' lang='lat' dir='ltr'><strong>turham</strong></span> <span class='ocrx_word' id='word_1_309' title='bbox 728 3773 762 3840; x_wconf 91' lang='lat' dir='ltr'><strong>in</strong></span> <span class='ocrx_word' id='word_1_310' title='bbox 783 3771 887 3838; x_wconf 88' lang='lat' dir='ltr'><strong>ollieic</strong></span> <span class='ocrx_word' id='word_1_311' title='bbox 909 3759 1162 3841; x_wconf 76' lang='lat' dir='ltr'><strong>contincodam.»</strong></span> 
     </span>
    </p>

    <p class='ocr_par' dir='ltr' id='par_1_4' title="bbox 388 3871 1566 4274">
     <span class='ocr_line' id='line_1_34' title="bbox 475 3871 1566 3963; baseline -0.002 -23"><span class='ocrx_word' id='word_1_312' title='bbox 475 3880 511 3942; x_wconf 92' lang='lat' dir='ltr'><strong>In</strong></span> <span class='ocrx_word' id='word_1_313' title='bbox 542 3875 722 3963; x_wconf 87' lang='lat' dir='ltr'><strong>repetendis</strong></span> <span class='ocrx_word' id='word_1_314' title='bbox 756 3876 894 3942; x_wconf 80' lang='lat' dir='ltr'><strong>musicae</strong></span> <span class='ocrx_word' id='word_1_315' title='bbox 925 3876 1055 3963; x_wconf 89' lang='lat' dir='ltr'><strong>proprie</strong></span> <span class='ocrx_word' id='word_1_316' title='bbox 1085 3876 1130 3941; x_wconf 88' lang='lat' dir='ltr'><strong>sie</strong></span> <span class='ocrx_word' id='word_1_317' title='bbox 1156 3874 1257 3940; x_wconf 88' lang='lat' dir='ltr'><strong>dictae</strong></span> <span class='ocrx_word' id='word_1_318' title='bbox 1286 3895 1329 3939; x_wconf 84' lang='lat' dir='ltr'><strong>cx</strong></span> <span class='ocrx_word' id='word_1_319' title='bbox 1357 3871 1470 3939; x_wconf 89' lang='lat' dir='ltr'><strong>eodem</strong></span> <span class='ocrx_word' id='word_1_320' title='bbox 1501 3893 1566 3960; x_wconf 86' lang='lat' dir='ltr'><strong>qno</strong></span> 
     </span>
     <span class='ocr_line' id='line_1_35' title="bbox 388 3976 1563 4068; baseline -0.003 -22"><span class='ocrx_word' id='word_1_321' title='bbox 388 3979 498 4068; x_wconf 87' lang='lat' dir='ltr'><strong>priora</strong></span> <span class='ocrx_word' id='word_1_322' title='bbox 518 3981 709 4068; x_wconf 86' lang='lat' dir='ltr'><strong>repetiverat</strong></span> <span class='ocrx_word' id='word_1_323' title='bbox 730 3977 817 4046; x_wconf 88' lang='lat' dir='ltr'><strong>lente</strong></span> <span class='ocrx_word' id='word_1_324' title='bbox 839 3980 1013 4066; x_wconf 87' lang='lat' dir='ltr'><strong>praeceptis</strong></span> <span class='ocrx_word' id='word_1_325' title='bbox 1035 3986 1156 4044; x_wconf 85' lang='lat' dir='ltr'><strong>constat</strong></span> <span class='ocrx_word' id='word_1_326' title='bbox 1169 3978 1229 4042; x_wconf 89' lang='lat' dir='ltr'><strong>sibi</strong></span> <span class='ocrx_word' id='word_1_327' title='bbox 1243 3977 1341 4042; x_wconf 85' lang='lat' dir='ltr'><strong>Plato.</strong></span> <span class='ocrx_word' id='word_1_328' title='bbox 1371 3976 1419 4041; x_wconf 86' lang='lat' dir='ltr'><strong>Cf.</strong></span> <span class='ocrx_word' id='word_1_329' title='bbox 1437 3997 1470 4062; x_wconf 91' lang='lat' dir='ltr'><strong>p.</strong></span> <span class='ocrx_word' id='word_1_330' title='bbox 1488 3981 1563 4052; x_wconf 73' lang='lat'>398,</span> 
     </span>
     <span class='ocr_line' id='line_1_36' title="bbox 390 4079 1565 4169; baseline -0.008 -16"><span class='ocrx_word' id='word_1_331' title='bbox 390 4087 427 4154; x_wconf 83' lang='lat' dir='ltr'><strong>C.</strong></span> <span class='ocrx_word' id='word_1_332' title='bbox 440 4119 482 4134; x_wconf 93' lang='lat'><em>-</em></span> <span class='ocrx_word' id='word_1_333' title='bbox 495 4088 535 4153; x_wconf 85' lang='lat' dir='ltr'><strong>ll.</strong></span> <span class='ocrx_word' id='word_1_334' title='bbox 578 4085 650 4161; x_wconf 86' lang='lat' dir='ltr'><strong>Quo</strong></span> <span class='ocrx_word' id='word_1_335' title='bbox 672 4083 743 4150; x_wconf 83' lang='lat' dir='ltr'><strong>loco</strong></span> <span class='ocrx_word' id='word_1_336' title='bbox 765 4084 907 4169; x_wconf 84' lang='lat' dir='ltr'><strong>quemvis</strong></span> <span class='ocrx_word' id='word_1_337' title='bbox 929 4082 1019 4149; x_wconf 85' lang='lat' dir='ltr'><strong>facile</strong></span> <span class='ocrx_word' id='word_1_338' title='bbox 1040 4081 1241 4148; x_wconf 84' lang='lat' dir='ltr'><strong>inventurum</strong></span> <span class='ocrx_word' id='word_1_339' title='bbox 1264 4100 1333 4148; x_wconf 84' lang='lat' dir='ltr'><strong>csse</strong></span> <span class='ocrx_word' id='word_1_340' title='bbox 1350 4079 1461 4167; x_wconf 84' lang='lat' dir='ltr'><strong>decet,</strong></span> <span class='ocrx_word' id='word_1_341' title='bbox 1484 4099 1565 4164; x_wconf 85' lang='lat' dir='ltr'><strong>quae</strong></span> 
     </span>
     <span class='ocr_line' id='line_1_37' title="bbox 389 4180 1561 4274; baseline -0.007 -18"><span class='ocrx_word' id='word_1_342' title='bbox 389 4188 430 4256; x_wconf 89' lang='lat' dir='ltr'><strong>de</strong></span> <span class='ocrx_word' id='word_1_343' title='bbox 450 4196 558 4256; x_wconf 87' lang='lat' dir='ltr'><strong>cantus</strong></span> <span class='ocrx_word' id='word_1_344' title='bbox 572 4186 669 4255; x_wconf 88' lang='lat' dir='ltr'><strong>modo</strong></span> <span class='ocrx_word' id='word_1_345' title='bbox 683 4194 716 4253; x_wconf 89' lang='lat' dir='ltr'><strong>et</strong></span> <span class='ocrx_word' id='word_1_346' title='bbox 728 4185 918 4254; x_wconf 86' lang='lat' dir='ltr'><strong>carminibus</strong></span> <span class='ocrx_word' id='word_1_347' title='bbox 932 4183 1177 4274; x_wconf 86' lang='lat' dir='ltr'><strong>praescribenda</strong></span> <span class='ocrx_word' id='word_1_348' title='bbox 1192 4183 1262 4260; x_wconf 87' lang='lat' dir='ltr'><strong>sint,</strong></span> <span class='ocrx_word' id='word_1_349' title='bbox 1286 4182 1313 4248; x_wconf 90' lang='lat' dir='ltr'><strong>si</strong></span> <span class='ocrx_word' id='word_1_350' title='bbox 1329 4180 1456 4270; x_wconf 88' lang='lat' dir='ltr'><strong>quidem</strong></span> <span class='ocrx_word' id='word_1_351' title='bbox 1471 4191 1561 4249; x_wconf 86' lang='lat' dir='ltr'><strong>antea</strong></span> 
     </span>
    </p>
   </div>
   <div class='ocr_carea' id='block_1_4' title="bbox 0 0 1662 5238">
    <p class='ocr_par' dir='ltr' id='par_1_5' title="bbox 0 0 1662 5238">
     <span class='ocr_line' id='line_1_38' title="bbox 0 0 1662 5238; baseline 0 0"><span class='ocrx_word' id='word_1_352' title='bbox 0 0 1662 5238; x_wconf 95' lang='lat' dir='ltr'><strong> </strong></span> 
     </span>
    </p>
   </div>
  </div>
 </body>
</html>
