3298 5232
858 359 1096 425 „233-

388 518 481 598 οθα,
514 512 557 594 ὡς
582 510 787 606 μνημονεύω,
822 519 964 606 τέτταρα
993 520 1061 601 εἴδη
1087 506 1188 599 εἶναι,
1224 506 1269 585 ὧν
1288 520 1346 584 aad
1367 518 1442 608 πέρι
1465 511 1568 604 λόγον

386 615 479 704 ἀξιον
507 621 555 702 εἴη
586 620 744 709 ἔχεινκαὶ
767 616 847 689 ἰδεῖν
867 616 976 688 αὐτῶν
997 618 1039 687 τά
1060 617 1365 712 ἀμαρτήματαιιαὶ
1387 617 1466 700 τούς
1489 622 1569 687 ἐκεί-

386 745 460 801 ναις
482 709 524 790 αὖ
547 718 698 810 ὁμοίους,
727 719 783 791 ἵνα
807 719 1079 804 πάνταςαάτοάς
1101 721 1242 803 ἰδόντες,
1271 730 1329 792 καὶ
1356 719 1569 811 ὁμολογησά-

385 850 477 914 μενοι
499 823 557 893 τὸν
578 824 716 916 ἀριοτον
736 824 871 895 καὶτὸν
893 823 1049 896 κάκιστον
1070 824 1194 918 ἀνδρα,
1217 828 1515 922 ἐπισκεψαίμεθα,
1539 824 1570 894 εἰ

386 923 405 994 ὁ
428 925 565 1020 ἀριστος
586 927 890 1017 εὐδαιμονέστατος,
911 936 966 998 καὶ
989 926 1007 998 ὁ
1030 926 1187 1010 ιιάκιοτος
1208 926 1440 1012 ἀθλιώτατος,
1462 927 1484 1014 ἢ
1508 927 1572 998 ἀλ-

385 1035 449 1110 λοις
471 1032 548 1120 ἔχοι.
593 1036 665 1100 Καὶ
685 1035 765 1121 ἐμοῦ
786 1036 941 1124 ἐρομένου
963 1035 1184 1122 τίνοςιλέγοις
1203 1032 1265 1114 τὰς
1286 1037 1448 1126 τέτταρας
1470 1039 1570 1102 πολι.

387 1135 516 1221 τεὶαςἿ,
538 1138 572 1204 ἐν
592 1131 700 1229 τούτῳ
721 1132 865 1224 ὑπέλαβε
886 1133 1106 1229 Πολέμαρχός
1127 1163 1161 1205 τε
1183 1143 1239 1206 καλ
1256 1133 1482 1226 Ἀδείμαντος·
1515 1143 1571 1206 καλ

386 1229 470 1306 οὕτω
499 1235 538 1321 δὴ
568 1236 608 1308 σὺ
638 1236 816 1326 ἀναλαβὼν
844 1237 902 1307 τὸν
929 1237 1030 1327 λόγον
1057 1242 1152 1328 δεῦρο
1179 1237 1309 1334 ἀφῖξαι.
1358 1237 1570 1333 Ορθότατα,

385 1333 485 1424 εἷπον,
507 1335 756 1432 ἐμνημονεάοας.
801 1345 847 1410 cf.
867 1364 900 1433 p.
918 1346 991 1410 ddd.
1009 1352 1094 1410 extr:
1112 1347 1222 1429 Staph.
1264 1343 1388 1411 Verba:
1419 1341 1571 1432 ἀναμνη-

386 1447 585 1534 σθῶμεν-
606 1480 648 1498 -·
670 1484 712 1497 -
732 1453 779 1498 -'
793 1433 892 1534 ἴωμεν
910 1458 942 1515 ct
954 1453 1010 1515 καὶ
1023 1449 1104 1535 ἐμοῦ
1117 1449 1273 1537 ἐρομένου
1294 1485 1336 1499 -
1356 1483 1400 1499 -
1419 1485 1463 1500 -··
1487 1445 1571 1536 ἀφῖ-

386 1551 449 1633 ξαι.
477 1551 647 1639 plercsque
667 1554 876 1639 interpretum
900 1563 1140 1620 commoverunt
1160 1559 1196 1618 ut
1224 1559 1425 1628 statuerant
1446 1550 1570 1618 librum

385 1660 422 1724 V·
455 1657 509 1721 v1.
543 1658 613 1724 vn.
644 1677 709 1722 non
736 1657 895 1743 pertinere
933 1655 974 1722 ad
1001 1677 1114 1724 verum
1145 1658 1252 1742 operis
1283 1656 1379 1725 λὶοοιο
1415 1665 1449 1722 et
1481 1659 1570 1724 darer-

385 1753 499 1826 οόδιον
520 1763 680 1845 quoddam
705 1779 786 1830 esec.
826 1762 892 1826 Sed
912 1780 978 1825 non
1003 1762 1234 1845 cogitaverunt,
1258 1763 1363 1846 qued,
1392 1782 1496 1846 quum
1521 1783 1570 1826 ee·

383 1862 447 1929 mel
473 1861 615 1930 finxisset
639 1885 673 1930 ιο
693 1865 833 1930 iustitiae
851 1863 1061 1930 inveniendae
1087 1862 1192 1950 gratia
1216 1863 1375 1930 evitarem
1403 1867 1566 1941 condere,

383 1965 533 2034 recedere
553 1989 618 2033 non
639 1970 742 2055 potuit
765 1967 806 2033 ab
831 1986 870 2033 εο
896 1970 981 2053 quod
1002 1971 1041 2046 de
1063 1967 1170 2054 operis
1190 1969 1356 2054 proposito
1379 1975 1476 2054 atque
1501 1967 1567 2033 fine

384 2069 606 2137 declaraverat.
650 2070 923 2149 Quemadmodum
949 2080 1054 2138 autem
1084 2073 1136 2135 his
1160 2073 1379 2158 praecedentis
1403 2071 1566 2138 sermonis

269 2211 274 2218 ι
383 2193 501 2240 nexum
526 2176 698 2241 indicatum
723 2176 887 2252 ridemus,
921 2176 964 2240 ita
990 2174 1085 2241 etiam
1110 2173 1271 2260 sequentis
1295 2173 1450 2243 sermonis
1480 2173 1565 2240 erdo

382 2280 445 2344 hoc
467 2277 545 2344 Ιοοο,
560 2280 761 2348 describitur.
804 2281 834 2342 Is
859 2285 964 2344 autem
988 2280 1084 2344 inec
1109 2284 1293 2365 occupatur,
1325 2277 1567 2344 utdescriban·

385 2389 435 2449 tur
460 2385 632 2470 praecipua
661 2380 819 2450 civitatum
845 2403 962 2468 genera
989 2385 1027 2447 ac'
1055 2383 1150 2458 vitia,
1186 2380 1359 2469 repetenda
1392 2403 1434 2448 ex
1462 2381 1566 2448 variis

381 2489 532 2554 uitiorum
554 2484 723 2573 generibus
744 2507 825 2572 quae
847 2494 921 2554 sunt
942 2489 1027 2573 apud
1048 2484 1205 2563 homines,
1231 2493 1268 2552 ut
1288 2487 1334 2550 ita
1355 2485 1518 2554 iudicetur
1535 2481 1568 2552 εἰ

384 2586 402 2657 ὁ
433 2587 571 2680 ἀριστος
597 2585 892 2677 εὐδαιμονέστατος
921 2595 976 2656 καὶ
1006 2584 1024 2656 ὁ
1054 2585 1210 2667 κάκιστος
1240 2583 1468 2666 ἀθλιώτατος.
1514 2593 1567 2655 Ex

381 2697 441 2761 hae
467 2693 553 2760 enim
575 2715 610 2760 rc
632 2714 726 2761 omne
741 2695 788 2759 de
808 2692 948 2780 perfecta
966 2693 1091 2758 civitate
1111 2690 1244 2778 eiusque
1261 2692 1454 2778 praestantia
1477 2693 1566 2758 iudi-

382 2801 466 2864 cium
490 2789 618 2885 pendet.
663 2799 813 2865 Ceterum
843 2800 933 2864 Plato
956 2816 1056 2883 quum
1077 2817 1257 2870 sermonem
1281 2805 1368 2864 reete
1395 2801 1438 2862 'ec
1464 2816 1564 2863 orsus

383 2911 475 2980 asset,
499 2909 535 2968 ut
553 2910 722 2991 quaereret
741 2903 890 2970 iustitiam
912 2909 945 2966 et
965 2909 1072 2966 utrum
1094 2909 1268 2987 praestaret
1286 2903 1404 2966 iustum
1426 2901 1502 2965 esde
1520 2921 1562 2965 an

380 3005 529 3074 iniustum
554 3043 597 3058 -
616 3005 711 3092 ¹«ruod
739 3004 899 3092 perfectae
926 3004 1060 3071 civitatis
1092 3006 1214 3088 gratia,
1250 3003 1339 3070 cuiue
1365 3002 1562 3088 principium

381 3120 430 3179 eet
450 3109 585 3192 iustitia,
620 3131 693 3176 eum
719 3107 833 3176 fecisse
858 3110 1039 3190 docuimus,
1072 3108 1154 3174 hanc
1181 3109 1433 3194 quadriformem
1457 3109 1560 3173 totins

380 3215 536 3282 sermonis
562 3223 723 3281 externam
748 3223 834 3280 recte
856 3233 958 3299 usque
983 3209 1140 3277 adfinem
1160 3212 1368 3278 conservavit.
1414 3212 1481 3276 Sed
1506 3233 1562 3276 ex-

380 3324 554 3408 pendamus
573 3320 668 3385 etiam
690 3316 870 3402 diligentins
892 3317 1025 3402 singula.
1067 3319 1179 3382 Nonne
1202 3311 1317 3380 umba:
1342 3309 1459 3402 σχεδὸν
1482 3311 1559 3404 γὰρ,

380 3419 539 3512 καθάπερ
570 3423 648 3502 νῦν,
682 3416 725 3500 ὡς
756 3416 962 3502 διεληλυθὼς
989 3423 1062 3510 περὶ
1092 3420 1150 3501 τῆς
1177 3413 1302 3496 πόλεως
1328 3414 1405 3496 τοὺς
1434 3412 1558 3504 λόγους

380 3528 503 3609 ἐποιοῦ,
523 3528 641 3592 indicio
656 3530 730 3591 sunt
745 3526 863 3590 librum
883 3526 925 3590 Π.
949 3525 1003 3591 ΙΗ.
1026 3525 1094 3603 1v.,
1114 3542 1211 3609 perro
1233 3522 1352 3588 librum
1364 3526 1403 3591 V.
1418 3522 1474 3592 VI.
1490 3523 1557 3590 VII.

379 3633 412 3695 in
433 3628 637 3698 describenda
658 3625 831 3711 Republica
851 3630 992 3693 versari?
1033 3628 1108 3692 Fere
1132 3628 1228 3701 caim,
1261 3624 1390 3712 inquit,·
1415 3627 1558 3710 quemad·

378 3736 498 3799 οιοιλιοει
519 3753 607 3811 πνοι,
641 3735 729 3817 ομοιι·
748 3734 897 3816 finivieree
916 3749 1083 3796 ιτεοιοειιεο
1106 3731 1142 3796 de
1166 3730 1346 3813 Republica,
1360 3729 1554 3800 ,ddeecredca

379 3840 470 3902 Nunc
495 3838 592 3922 igitur
625 3837 653 3904 si
680 3837 726 3904 ita
752 3834 880 3904 disserit
904 3835 994 3921 quasi
1019 3831 1156 3902 finiverit
1179 3853 1359 3912 sermenem
1385 3834 1426 3900 de
1450 3838 1556 3920 Repu·
1635 3923 1636 3930 ρ

448 4091 471 4160 ’)
501 4093 625 4147 Recurrtt
637 4093 772 4148 aduc-nte
791 4073 872 4145 ἅττα
889 4087 1024 4146 ctrtta'tum
1041 4091 1157 4151 menae,
1183 4089 1312 4155 norlaude
1330 4089 1487 4144 ncmtntbar
1506 4092 1553 4157 qut

379 4188 410 4238 Ιιι
428 4183 537 4240 rtmtter.
558 4181 653 4246 ·Qacd
672 4185 694 4234 ιι
710 4185 791 4248 tatur
808 4184 862 4234 tem
875 4184 989 4246 quatuor
1001 4181 1047 4234 Ιιιε
1061 4182 1181 4235 etvtteter
1194 4178 1346 4232 deecrtbere
1359 4182 1466 4244 metult,
1486 4181 1554 4234 hanc
1635 4205 1636 4208 ι

379 4279 469 4340 ettam,
488 4284 560 4342 quaa
578 4267 709 4338 nequltun
728 4274 856 4327 eermcnte
873 4277 975 4336 partem
991 4273 1021 4326 tn
1038 4273 1144 4326 civitate
1160 4271 1259 4326 renent
1273 4267 1486 4325 demonstratum
1504 4277 1551 4326 ειε.
