3296 5232
581 416 812 484 -tts..

97 577 289 663 Colligemus
311 575 407 663 igitur
428 577 533 644 omitia
555 593 637 662 quas
658 576 746 642 Plato
767 575 837 644 aliis
858 575 937 644 locis
958 577 1182 646 de'cirilatum
1196 580 1278 646 inte·
1404 588 1406 592 ’

93 683 161 750 ritu
174 685 217 748 ita
227 682 372 760 tradidit,
395 688 430 749 ut
443 681 482 748 de
500 701 611 748 eorum
626 683 782 748 sententia
798 701 894 748 namo
909 683 1043 750 dubitet.
1077 685 1122 748 Ac
1136 686 1274 770 primum

94 786 223 875 quidem
250 788 446 852 afferendum
476 787 619 862 videtur,
642 789 729 872 quod
754 786 957 870 Reipublicae
982 787 1040 852 lib.
1067 789 1125 864 Ill,
1147 807 1178 874 p.
1202 788 1276 854 ild.

92 891 323 978 scriptumest:
347 887 426 956 ‘Tou
447 883 591 955 κάλλιστ’
616 883 684 979 ἄρα
705 889 846 982 μουσικῇ
865 887 1090 977 γυμναστικὴν
1104 887 1278 980 κεραυνόν·

93 1019 139 1062 τα
168 999 223 1062 καὶ
256 987 462 1082 μετριώτατα
491 992 530 1086 τῇ
555 993 647 1086 ψυχῇ
679 995 931 1083 προσφέροντα,
965 994 1083 1061 τοῦτον
1110 989 1274 1084 ὀρθότατ’

93 1095 138 1166 ἂν
160 1102 283 1188 φαῖμεν
298 1087 381 1164 οἷναι
397 1099 512 1174 τελέως
525 1091 774 1182 μουσικώτατον
789 1101 844 1164 καὶ
860 1092 1167 1185 εὐαρμοστότατον,
1193 1095 1278 1166 πολὺ

91 1203 239 1291 μάλλον,
268 1197 290 1282 ἢ
319 1197 377 1266 τὸν
406 1195 466 1278 τὰς
490 1196 615 1287 χορὸόις
642 1193 803 1285 ἀλλήλαις
827 1195 1034 1282 ξυνιστάντα.
1066 1195 1215 1278 Εἰκότως
1236 1196 1276 1288 γ’,

93 1307 176 1396 ἔφη,
200 1291 224 1372 ὦ
246 1298 437 1392 Σώκρατες.
477 1297 605 1372 Οὐκοῦν
626 1307 682 1398 καὶ
704 1304 737 1370 ἐν
758 1304 797 1398 τῇ
818 1299 913 1371 πόλει
934 1298 1029 1392 ἡμῖν,
1053 1290 1078 1372 ὦ
1100 1300 1278 1387 Ιλαόκων,

93 1404 287 1494 depositori
310 1401 463 1474 τοιούτου
485 1402 575 1484 τινὸς
595 1401 646 1472 ἀεὶ
668 1402 862 1488 ἐπιστάτου,
885 1403 923 1474 εἰ
940 1410 1083 1496 μέλλει
1109 1403 1130 1494 ἡ
1159 1411 1276 1477 ιτολι-

93 1514 187 1582 τοὶοι
210 1507 440 1594 collaudat,
465 1507 582 1598 Δεήσει
602 1515 715 1598 μέντοι
737 1505 780 1589 ὡς
802 1501 872 1578 οἷόν
895 1513 931 1578 τέ
949 1536 985 1597 ys
1006 1506 1164 1597 μάλιστα.
1183 1576 1187 1582 ,
1241 1575 1245 1584 ,

180 1620 270 1701 Reip.
292 1616 350 1682 lib.
377 1618 431 1686 Ill.
457 1636 487 1699 p.
510 1616 583 1691 itt,
607 1637 676 1701 sqq.
706 1617 750 1680 St.
775 1616 858 1681 banc
880 1614 967 1681 Plato
990 1614 1130 1682 fabulam
1145 1624 1272 1684 narrat:

92 1719 353 1788 Persuadendum
378 1740 449 1786 esse
477 1724 608 1786 summis
629 1717 1097 1804 reipublicaemagistratibus,
1124 1721 1276 1789 militibus

93 1825 254 1911 tertioque
284 1824 400 1891 civium
423 1823 546 1903 ordini,
575 1827 660 1909 quod
689 1824 773 1888 intra
801 1829 920 1888 terram
954 1823 1047 1888 simul
1072 1845 1181 1891 omues
1212 1824 1276 1892 licti

92 1928 207 1996 nutriti
234 1935 265 1995 et
291 1928 414 1994 educati
439 1930 517 2004 sint,
544 1926 811 2014 ‹premadmodum
832 1925 1016 1993 nutriendos
1039 1935 1071 1994 et
1093 1927 1273 1996 educandos

94 2055 165 2100 esse
194 2035 291 2118 paulo
321 2039 394 2098 ante
424 2034 608 2098 ostenderit.
661 2031 822 2096 Perfectos
856 2030 970 2098 deinde
997 2039 1115 2099 terram
1141 2041 1276 2100 matrem

95 2141 130 2204 in
157 2136 261 2202 lucem
286 2134 440 2214 edidisse,
469 2158 538 2202 esse
564 2137 661 2220 igitur
681 2133 797 2201 iratres
826 2142 912 2201 terra
936 2145 1130 2222 procreatos,
1172 2141 1277 2204 Deum

94 2259 176 2309 vero
192 2239 246 2326 qni
269 2259 325 2306 eos
349 2238 483 2324 fingeret
503 2260 615 2306 eorum
635 2239 748 2306 animis
763 2243 817 2326 qui
839 2239 879 2306 ad
899 2242 1070 2324 imperium
1084 2241 1149 2328 apti
1173 2250 1279 2308 essent

96 2365 208 2410 aurum
231 2343 454 2422 admiscuisse,
479 2352 644 2429 argentum
666 2342 834 2420 militibus,
863 2346 985 2411 ferrum
1007 2352 1039 2410 et
1057 2366 1112 2410 aes
1132 2345 1279 2430 agricolis

96 2455 130 2514 et
151 2446 297 2534 opificum
326 2450 414 2513 omni
444 2449 568 2532 generi.
613 2451 719 2527 Quum
745 2467 823 2512 vero
849 2467 958 2514 omnes
982 2447 1124 2514 eiusdem
1151 2452 1279 2534 generis

96 2556 176 2631 sint,
198 2549 286 2629 fieri,
310 2561 346 2616 ut
355 2555 544 2638 plerumque
559 2549 620 2620 sibi
634 2550 751 2617 similes
763 2559 948 2634 procreent,
969 2551 1128 2619 interdum
1141 2571 1220 2619 vcro
1236 2575 1277 2620 ex

94 2675 194 2722 aureo
228 2657 316 2722 nasci
352 2663 538 2742 argenteum
569 2662 601 2721 et
637 2675 677 2720 ex
709 2663 861 2740 argenteo
901 2675 1047 2731 aureum,
1086 2658 1276 2743 reliquaque

95 2761 201 2826 omnia
224 2759 269 2826 ita
294 2780 335 2826 ex
360 2781 394 2826 se
416 2767 537 2826 mutuo.
579 2759 815 2846 Magistratibus
834 2759 932 2844 igitur
953 2758 1138 2844 praecipere
1162 2760 1275 2840 deum,

94 2872 132 2930 ut
149 2885 213 2930 non
234 2862 326 2928 aliam
352 2885 422 2930 rem
450 2863 630 2952 diligentius
657 2870 786 2940 curant,
811 2884 904 2950 quam
927 2863 1003 2950 quid
1031 2868 1143 2932 harum
1169 2887 1277 2934 rernm

94 2970 208 3034 animis
234 2975 381 3062 natorum
406 2968 573 3035 admistum
600 2970 649 3038 sit.
691 2973 773 3034 Aere
801 2967 953 3053 ferroque
980 2967 1176 3036 intermistos
1202 2985 1280 3056 pro*

96 3070 266 3138 trudendos
293 3092 361 3138 esse
387 3076 427 3138 ad
456 3071 610 3158 agricolas
638 3080 669 3138 at
698 3062 835 3156 opifices.
879 3074 913 3136 Si
945 3092 1019 3137 vero
1051 3093 1093 3138 cx
1124 3072 1173 3158 bis
1205 3077 1278 3160 quis

96 3198 173 3242 auro
196 3184 391 3262 argentoque
414 3175 608 3242 intermistus
633 3183 723 3242 natus
742 3175 858 3252 luerit,
883 3197 956 3242 eum
980 3175 1177 3242 educendum
1193 3199 1275 3255 esse,

96 3287 129 3345 et
150 3280 201 3347 vcl
223 3281 306 3346 inter
331 3266 470 3346 summos
494 3280 690 3363 reipublicae
719 3282 935 3366 magistratus,
964 3279 1015 3346 val
1048 3280 1133 3347 inter
1160 3281 1275 3349 milites

95 3383 325 3467 recipiendum.
380 3388 460 3450 Nam
498 3405 566 3450 esse
597 3384 716 3450 oraculi
747 3403 951 3468 responsum,
989 3393 1053 3450 tum
1083 3387 1277 3452 interiturum

95 3491 246 3554 civitatem
265 3491 293 3552 si
306 3491 392 3572 sarra
416 3497 470 3553 out
494 3508 562 3552 acre
575 3490 738 3553 intermisti
752 3490 931 3571 reipublicae
943 3490 1145 3572 gubernaculo
1162 3499 1279 3556 teneaat

95 3627 139 3642 -
162 3587 205 3670 ὡς
223 3593 373 3682 χρησμοῦ
394 3588 490 3669 ὄντος
512 3587 584 3657 τότε
607 3589 667 3678 τὴν
681 3587 777 3658 πόλιν
792 3593 1049 3684 διαφθαρῆναι,
1073 3583 1155 3660 όταν
1174 3589 1279 3681 αὐτὴν

97 3691 115 3763 ὁ
140 3697 295 3784 σιδηροῦς
314 3691 338 3780 ἢ
360 3689 378 3762 ὁ
398 3695 542 3783 χαλκοῦς
564 3689 703 3788 φυλάξῃ.
753 3699 802 3760 En
824 3698 1007 3779 perturbato
1032 3696 1130 3782 igitur
1161 3697 1279 3766 civium

96 3800 228 3877 ordine,
252 3820 315 3886 quo
342 3798 397 3864 liat
421 3805 457 3865 ut
478 3801 518 3863 ad
538 3797 680 3865 militiam
706 3801 758 3864 vel
784 3797 908 3885 opificia
925 3801 989 3886 apti
1014 3803 1054 3865 ad
1079 3799 1276 3886 reipublicae
1335 3850 1338 3856 ·

96 3902 311 3991 gubernacula
336 3905 557 3978 admittantur,
582 3901 774 3987 reipublicae
803 3903 901 3989 ipsius
926 3901 1088 3970 interitum
1117 3904 1276 3971 hocloco

95 4007 187 4073 Plato
211 4007 295 4074 baud
324 4009 420 4072 dubio
454 4009 579 4090 repetit.
623 4010 659 4071 ld
688 4027 816 4092 quoque
846 4006 1070 4074 attendendum
1098 4016 1159 4087 est,
1185 4012 1275 4096 'quod

96 4110 158 4177 boc
187 4113 307 4176 oracult
340 4129 514 4193 responsum
548 4131 617 4178 esse
650 4110 744 4187 dicit,
780 4113 1047 4197 quemadmodum
1077 4111 1161 4180 libro
1192 4115 1275 4185 VIII.

96 4217 203 4281 Musas
221 4233 291 4279 rem
316 4211 441 4279 tradere
465 4213 568 4299 fingit.

182 4319 240 4386 His
262 4315 336 4386 addi
361 4317 477 4386 debent
501 4339 582 4406 quae
606 4319 641 4386 in
669 4317 753 4400 tertii
778 4317 852 4386 libri
876 4315 939 4386 fine
962 4321 1111 4406 leguntur
1131 4335 1169 4405 p.
1200 4321 1274 4390 tlt.
