3296 5232
835 383 1071 456 -e1o-

359 543 460 640 πείῳ
481 547 523 614 δὲ
544 546 585 614 ἐν
605 537 631 640 ᾧ
652 539 798 640 πρώτῳ
830 540 1026 632 αὐξήσεις
1051 538 1281 634 δυνάμεναί
1312 569 1353 613 τε
1376 549 1450 614 καὶ
1472 549 1551 615 δυ·-

359 644 625 738 ναςευόμεναι
659 658 768 742 τρεῖς
804 645 1054 729 σἰπσςσὶσεις,
1089 651 1302 739 Ιτέτταρας
1337 653 1381 719 δὲ
1414 641 1550 742 ὅρους

360 754 571 840 λαβοῦσαι
591 745 849 841 ὁμοιούντων
872 778 914 822 τε
936 759 1005 822 καὶ
1034 748 1351 842 ἀνομοιούντων
1373 760 1447 822 καὶ
1471 751 1552 822 αὔ-

358 851 502 940 ξόντων
523 862 591 924 καὶ
612 853 875 951 φθινόντων,
896 853 1033 926 πάντα
1060 851 1308 947 προσήγορα
1331 863 1406 924 καὶ
1437 857 1551 949 ῥητὰ

358 957 463 1050 πρὸς
483 957 643 1043 ἄλληλα
664 956 890 1055 ἀπέφηναν.
932 965 989 1028 Est
1008 961 1062 1028 hic
1086 963 1373 1045 numerusprimuc
1390 964 1553 1032 seuhucis

357 1064 454 1132 totins
489 1066 744 1150 computationis.
799 1069 880 1134 Eum
909 1064 1026 1132 deinde
1058 1061 1205 1151 πεμπάδι
1236 1067 1418 1151 συζυγέντα
1457 1067 1555 1156 τρὶς

359 1164 462 1251 αὔξη
472 1171 602 1237 θέντα
617 1173 695 1238 duas
706 1172 886 1262 harmonias
901 1168 1029 1236 efficere
1040 1169 1094 1236 ait.
1125 1171 1214 1236 Hanc
1224 1189 1294 1236 esse
1310 1169 1398 1236 vocis
1414 1171 1553 1261 πρῶτος

358 1271 618 1358 significationem
628 1272 689 1342 hoc
700 1273 883 1342 Nicomachi
893 1273 1126 1341 Geraseniloco
1136 1271 1361 1357 prohabimus:
1377 1277 1552 1363 Παρατη-

359 1380 476 1468 ρητὲον
486 1379 522 1444 δὲ
532 1374 571 1444 τὸ
580 1373 806 1469 παρεπόμενον
815 1379 899 1454 πᾶσι
912 1372 1043 1455 τούτοις
1052 1373 1238 1469 γλαφυρὸν,
1259 1367 1311 1444 ὅτι
1323 1379 1354 1444 oi
1368 1384 1433 1464 μὲν
1448 1378 1552 1464 πρῶ-

360 1504 429 1547 τοι
455 1487 526 1548 καὶ
554 1484 763 1568 πυθμένες
790 1476 960 1569 λεγόμενοι
981 1504 1010 1550 κ.
1033 1505 1061 1548 τ.
1083 1481 1107 1548 ἑ.
1151 1482 1197 1548 cf.
1224 1480 1329 1548 locum
1355 1495 1456 1567 quem
1487 1483 1551 1548 iam

358 1592 460 1652 totum
486 1583 718 1653 exhibebimus.¹
760 1588 939 1675 synonyma
958 1587 1055 1672 igitur
1075 1591 1148 1652 sunt
1169 1583 1324 1652 vccahada
1351 1585 1493 1674 πρῶτος
1521 1594 1553 1651 et

358 1683 510 1775 πυθμήν.
553 1690 642 1768 Quae
663 1689 714 1756 hio
735 1697 951 1758 memorantur
971 1683 1122 1770 αὐξήσεις
1150 1684 1328 1776 δυνάμεναί
1350 1713 1384 1756 τε
1408 1693 1470 1756 καὶ
1495 1693 1552 1757 δυ-

359 1786 573 1879 ναςευὸμεναι
594 1798 681 1884 τρεῖς
702 1789 898 1874 σἰποςάσεις,
920 1793 1070 1861 videntur
1090 1813 1147 1860 eae
1169 1791 1349 1878 significare
1364 1801 1430 1860 tres
1450 1796 1552 1860 animi

355 1897 515 1980 [στυδισιεε
531 1907 725 1980 procreantes
745 1919 785 1964 ιιι
803 1919 834 1964 se
851 1907 878 1964 et
889 1899 1076 1964 ωσδετσπιεε
1087 1906 1149 1962 tres
1161 1899 1272 1964 σιὐἰαιπ
1286 1899 1412 1973 masas,
1436 1918 1547 1982 σεσμισ

359 2002 488 2084 quodum
507 2003 665 2068 intervallo
686 2024 707 2068 σ
726 2023 758 2068 ιε
778 2004 934 2068 distantes.
978 2005 1058 2066 Nam
1080 2021 1144 2066 vox
1166 1997 1303 2082 αὔξησις
1318 2003 1498 2068 adhibetur
1513 2007 1550 2068 de

359 2103 494 2190 repetita
515 2105 786 2189 multiplicatione.
820 2105 869 2170 cf.
891 2105 948 2176 lib.
969 2107 1037 2173 v11.
1059 2125 1090 2190 p.
1105 2106 1179 2171 528.
1198 2108 1240 2174 St.
1275 2100 1403 2190 ’'Avaye
1421 2107 1548 2185 τοίνυν,

361 2193 402 2289 ἦν
423 2202 456 2274 δ’
474 2204 552 2292 ἐγὼ,
574 2209 621 2286 εὶς
640 2204 793 2276 τσῦπίσω·
815 2210 873 2277 νῦν
900 2205 941 2292 δὴ
962 2205 1026 2297 γὰρ
1050 2204 1109 2275 οὔκ
1130 2203 1247 2294 ὀρθῶς
1273 2204 1312 2274 τὸ
1334 2207 1406 2290 ἑξῆς
1430 2206 1551 2296 ἐλάβο-

358 2335 419 2398 μεν
446 2312 484 2406 τῇ
512 2311 705 2404 γεωμετρία.
749 2313 829 2391 Πῶς
855 2307 1031 2398 λαβόντεςς
1060 2312 1134 2402 ἔφη.
1177 2308 1276 2380 Μετὰ
1305 2312 1481 2394 ἐπίπεδον,
1513 2299 1550 2394 ἦν

361 2409 392 2482 δ
405 2410 483 2500 ἐγὼ,
506 2416 540 2482 ὲν
561 2415 731 2508 περιφορᾷ
752 2412 790 2483 ὃν
811 2413 873 2498 ἤδη
896 2411 1027 2505 στερεὸν
1049 2410 1224 2501 λαβόντες,
1252 2419 1328 2504 πρὶν
1349 2409 1436 2481 αὐτὸ
1461 2413 1547 2483 καθ’

363 2513 446 2586 αὔτό
457 2522 579 2605 λαβεῖν·
592 2515 710 2624 ὀρθῶς
720 2522 754 2588 δὲ
767 2519 829 2609 ἔχει
839 2520 909 2602 ἑξῆς
918 2516 1001 2607 μετὰ
1013 2522 1167 2610 δευτέραν
1178 2514 1278 2600 αὔξην
1290 2518 1402 2605 τρίτην
1415 2514 1548 2608 λαμβύ-
1634 2529 1635 2586 ἶ

362 2647 437 2692 νειν.
452 2621 500 2701 ἔςι
513 2625 549 2689 δέ
560 2648 624 2690 που
639 2625 737 2691 τοῦτο
752 2629 825 2713 περὶ
838 2621 896 2706 τὴν
912 2624 974 2691 τῶν
985 2619 1093 2708 κύβων
1104 2619 1205 2705 αὔξην
1215 2627 1272 2688 καὶ
1283 2619 1322 2688 τὸ
1335 2617 1481 2708 βάθους
1495 2651 1549 2710 με·

363 2729 465 2815 τὲχον.
496 2728 545 2793 Cl.
568 2727 664 2794 etiam
684 2725 740 2794 lib.
765 2731 821 2794 IX.
834 2748 865 2815 p.
880 2730 953 2794 587.
974 2735 1058 2794 extr.
1084 2729 1130 2794 St.
1163 2726 1222 2793 His
1244 2729 1326 2792 adde
1348 2726 1472 2794 Phaod.
1491 2732 1546 2804 71,

361 2834 398 2898 Β.
422 2832 468 2898 St.
513 2835 560 2896 De
588 2829 816 2916 significatione
844 2833 933 2900 vocis
960 2827 1099 2918 δύναμις
1129 2829 1170 2898 cf.
1194 2829 1250 2898 lih.
1271 2833 1328 2896 lli.
1351 2851 1382 2920 p.
1408 2835 1492 2909 587,
1517 2835 1547 2903 C.

363 2938 409 3000 st.
431 2940 463 3002 et
484 2936 665 3002 Schneider.
690 2934 753 3002 vol.
778 2938 1115 3020 111.p.Lxxxxvl1.
1161 2933 1209 3000 Ihi
1232 2932 1409 3020 siguificare
1424 2936 1548 3004 videbis

362 3037 504 3106 radicem
526 3038 649 3105 numeri
677 3038 821 3124 quadrati
848 3046 901 3106 aut
929 3040 1011 3106 cubi.
1054 3041 1143 3106 Adde
1171 3043 1331 3106 Theaetet.
1355 3060 1387 3123 p.
1412 3041 1486 3105 1t8.
1508 3045 1545 3107 A.

362 3145 464 3210 Fries.
496 3143 519 3208 l.
540 3141 561 3210 l.
586 3162 617 3229 p.
647 3144 728 3220 382,
755 3150 840 3222 uot.;
878 3146 1022 3232 inprimis
1050 3162 1148 3221 vero,
1180 3141 1266 3228 quod
1293 3146 1371 3209 haec
1397 3145 1548 3210 vocabuli

363 3245 549 3332 significatio
571 3246 633 3312 huc
653 3250 791 3314 maxime
818 3249 912 3326 iacit,
940 3247 1075 3314 Philolai
1096 3249 1201 3314 locum
1231 3267 1273 3312 ex
1299 3245 1439 3314 Stohaec
1462 3254 1547 3336 apud

363 3353 537 3420 Btickhium
565 3371 596 3438 p.
628 3354 698 3418 139.
753 3351 892 3442 Θεωρεῑν
919 3355 971 3420 δεῖ
993 3348 1036 3418 τοὶ
1064 3350 1144 3439 ἔργα
1174 3354 1228 3418 καὶ
1266 3346 1326 3417 τὰν
1356 3351 1473 3418 ἐσσίαν
1503 3353 1548 3419 τῶ

364 3451 504 3544 ἀριθμῶ
530 3449 654 3522 καττᾶν
684 3447 878 3539 δύναμιν,
901 3447 974 3534 δι’τις
996 3456 1060 3524 ἐντὶ
1083 3455 1116 3521 ἐν
1134 3454 1176 3545 τᾷ
1190 3448 1311 3522 δεκάδι·
1332 3449 1465 3540 μεγάλα
1480 3452 1545 3544 γὰρ

363 3565 418 3626 καὶ
447 3554 608 3640 παντελὴς
636 3562 692 3624 καὶ
719 3555 920 3648 παντοεργὸς
948 3563 1004 3626 καὶ
1032 3558 1116 3626 θείω
1145 3562 1201 3625 καὶ
1230 3553 1371 3646 οὔρανίω
1399 3559 1465 3644 βίω
1491 3565 1546 3626 καὶ

365 3657 566 3748 ἆνθρωπίνω
601 3657 687 3752 ἀρχὰ
721 3666 777 3728 καὶ
803 3655 932 3749 ἁγεμᾰν
968 3662 1180 3729 κοινωνοῦσα.
1212 3697 1255 3712 -
1291 3655 1546 3738 Δυναςεύεσθαι

365 3773 414 3832 est
439 3765 612 3846 moderari,
641 3785 764 3850 regere.
811 3769 849 3831 In
877 3766 992 3832 civium
1024 3786 1101 3832 vero
1131 3766 1284 3832 classibus
1308 3764 1451 3850 singulae
1480 3766 1546 3833 ani·

365 3868 411 3936 mi
438 3867 600 3938 facultates
634 3879 782 3956 tanquam
815 3871 1027 3938 dominantur.
1077 3873 1147 3936 Non
1176 3869 1302 3937 videtur
1334 3890 1404 3936 esse
1437 3873 1545 3936 termi-

364 3995 424 4042 nus
457 3975 616 4041 technicus
642 3974 945 4041 mathematicorum.
997 3973 1045 4046 cf.
1079 3973 1266 4041 Schneider.
1298 3974 1319 4040 l.
1348 3974 1370 4039 l.
1402 3994 1435 4060 p.
1471 3978 1541 4041 XX.

366 4080 460 4160 Quod
476 4085 661 4162 argumento
675 4087 780 4165 potest
796 4099 885 4152 esse,
907 4083 983 4145 haec
992 4073 1214 4168 ἆλληηορικῶς
1221 4080 1322 4162 accipi
1332 4076 1442 4144 daher.
1476 4079 1545 4145 Vox

364 4177 529 4264 α’πόςασις
558 4180 713 4265 significat
738 4182 949 4250 intervallum.
1001 4178 1191 4250 adscribere
1222 4181 1274 4248 hic
1305 4185 1410 4268 placet
1439 4181 1543 4249 locum

362 4285 417 4374 qui
443 4305 559 4354 vocum
588 4280 685 4368 αὔξη,
721 4282 875 4373 δύναμις,
908 4280 1076 4368 ἀπόςασις
1110 4285 1352 4376 explicationem
1394 4288 1542 4355 continet.
