3298 5232
572 377 803 446 -661-

95 541 258 630 βλέψαι
279 535 332 608 τὸ
351 537 455 611 πάσι
477 537 560 632 φιίς
580 541 781 630 παρέχον,
809 541 879 606 καλ
900 531 1078 616 ἰδόντας
1099 531 1146 604 τὸ
1170 531 1278 641 ἀγα-

95 643 185 714 θὸν
215 641 342 724 αὐτὸ,
383 643 701 735 παραδείγματι
733 643 979 760 χρωμένους
1008 639 1164 759 ἐκείνῳ,
1209 644 1277 707 καί

93 745 222 822 πόλιν
257 755 324 816 καὶ
360 744 528 825 ἰδιώτας
564 753 631 814 καὶ
666 742 842 822 ἑαντοίις
875 748 1046 832 κοσμεῖν
1089 739 1158 810 τὸν
1200 741 1279 810 ἐπί-

94 856 251 920 λοιπον
278 852 417 939 βίον
401 855 583 942 ενμέρει
611 845 833 930 ἑκάστους,
870 844 915 914 τὸ
942 876 966 934 μ
974 854 1014 914 ὲν
974 843 1143 914 ὲπολὺ
1172 843 1277 967 πρὸς

94 955 363 1048 φιλοσοφίαν
396 955 717 1040 διατρίβοντας,
756 943 859 1019 ὅταν
889 953 932 1018 δὲ
962 947 1005 1018 τὸ
1033 954 1163 1040 μέρος
1190 941 1275 1044 ἥκῃ,

93 1056 206 1182 6669
233 1061 511 1138 πολιτικοῖς
496 1077 562 1126 επι
584 1056 948 1146 ταλαιποροῦντας
969 1058 1039 1120 καὶ
1061 1049 1278 1142 ἀρχοντας

94 1157 304 1242 ἑκάστοις
333 1163 403 1244 τῆς
432 1158 633 1242 πόλεως’
616 1185 747 1242 ενεκα,
783 1155 854 1248 οὐχ
883 1153 931 1238 ὡς
953 1152 1081 1226 καλόν
1102 1181 1159 1236 τι,
1190 1149 1273 1232 ἀλλ’

10 1341 12 1350 ,
94 1260 149 1344 ὡς
175 1261 422 1352 ἀναγκαῖον
455 1261 720 1355 πράττοντας
755 1269 822 1330 καὶ
856 1253 987 1339 οὕτως
1023 1255 1177 1337 ἀλλους
1213 1253 1275 1325 ἀεὶ

92 1364 429 1450 παιδεύσαντας,
474 1364 715 1447 τοιούτους,
759 1358 1169 1440 ἀντικαταλιπόντας
1204 1361 1276 1444 τῆς

92 1466 256 1552 πόλεως
294 1468 507 1565 φύλακας,
545 1468 604 1550 εἰς
639 1465 836 1561 μακάρων
876 1463 1031 1551 νήσους
1070 1461 1275 1546 ἀπιόντας

95 1571 244 1642 οἰκεῖν·
287 1581 429 1664 μνημεῖα
464 1571 496 1644 δ’
533 1570 647 1652 αὐτοῖς
676 1579 732 1642 καί
760 1573 889 1652 θυσίας
919 1567 978 1654 τὴν
1005 1566 1102 1648 πόλιν
1130 1570 1275 1660 δημοσία

93 1682 220 1758 ποιεῖν,
248 1674 305 1748 ε’ἀν
332 1684 386 1748 καί
417 1674 436 1761 6
464 1679 590 1748 Πυθία
617 1677 809 1772 ξυναναιρῇ,
840 1671 882 1756 ὡς
904 1676 1073 1766 δαίμοσιν,
1105 1669 1190 1740 εἰδὲ
1211 1668 1275 1760 μὴ,

94 1775 140 1860 ὡς
166 1777 335 1870 εὐδαίμοσί
355 1808 390 1851 τε
412 1787 468 1850 καὶ
489 1784 613 1860 θείοις.
658 1783 704 1848 cf.
726 1804 760 1866 p.
784 1781 860 1852 δίο.
884 1784 928 1850 St.
969 1781 1016 1844 Ne
1037 1777 1275 1867 quinquagena-

93 1885 152 1950 riis
182 1887 279 1968 igitur
311 1885 439 1972 quidem
471 1885 611 1974 quietem
643 1889 697 1952 dat
722 1907 741 1950 a
768 1888 865 1952 rebus
891 1884 1041 1970 publicis,
1072 1881 1129 1948 sed
1151 1881 1274 1946 etiamsi

93 1987 263 2054 molestum
292 1990 333 2054 iis
362 1990 506 2056 futurum
534 1992 575 2056 sit
605 1988 640 2056 id
674 1991 836 2078 negotium
865 1987 906 2054 ad
933 1985 1125 2074 reipublicae
1159 1981 1275 2070 guber-

93 2091 207 2160 nacula
232 2112 288 2160 εοε
310 2092 451 2160 collocat.
495 2093 683 2182 Intelligitur
715 2115 755 2160 ex
796 2093 845 2158 his
884 2113 941 2160 eur
973 2100 1058 2158 tento
1095 2087 1199 2156 studio
1232 2091 1273 2154 de

94 2193 264 2261 custodum
282 2196 408 2270 studiis,
437 2195 477 2262 de
497 2195 686 2276 dialectica„
705 2197 745 2264 de
766 2196 847 2264 ideis
870 2207 901 2274 et
924 2197 1095 2282 praecipua
1120 2191 1271 2282 omnium,

93 2298 168 2364 idea
193 2296 282 2376 beni,
300 2299 437 2371 dixerit.
463 2301 636 2368 :Custodes
662 2302 747 2368 enim
770 2303 876 2386 ideam
900 2300 976 2366 boni
997 2308 1145 2387 tanquam
1165 2317 1272 2364 exem·

93 2401 165 2487 plar
197 2404 354 2469 intuentes
384 2404 602 2490 etleivitatem
629 2413 661 2470 et
685 2406 824 2492 privatos
847 2413 879 2470 et
908 2415 1008 2470 semet
1038 2405 1126 2488 ipsos
1156 2420 1272 2468 ornare

94 2502 213 2585 debent
250 2527 320 2589 per!
343 2506 500 2594 reliquam
535 2515 669 2574 aetatem
698 2542 739 2554 -
772 2507 1078 2594 παραδείγματι
1113 2506 1271 2596 χρωμέ-

93 2633 193 2686 νους
228 2609 369 2702 ἐκείνῳ
408 2606 629 2678 καὶπόλιν
667 2615 737 2680 καί
776 2605 947 2688 ἰδιώτας
985 2614 1052 2676 καὶ
1091 2603 1272 2702 ἑαντοίις

93 2717 247 2798 κοσμεῖ
249 2735 291 2780 ν.Ι
319 2715 379 2780 Εεί
411 2717 511 2798 ι’μλκν.
536 2716 603 2780 idea
629 2717 699 2780 δοκεῖ
723 2717 914 2802 principium
944 2717 1094 2798 perfectae
1126 2715 1270 2792 είνῖιαιίε.

94 2818 144 2882 Ad
187 2814 344 2884 civitatem
385 2839 463 2884 vero
505 2821 667 2906 pertinere
710 2818 794 2888 hune
829 2839 956 2886 omnem
995 2820 1036 2886 de
1074 2817 1271 2906 philosophis

93 2939 297 3002 ¹sermonem,
337 2922 432 2988 etiem
461 2921 536 2996 inde
569 2930 717 3010 apparet,
754 2926 840 3009 quod
874 2922 913 2988 iis
945 2921 1012 2990 vult
1044 2920 1171 3007 publice
1200 2943 1271 2988 mo·

93 3022 196 3090 beatis
218 3032 313 3110 atque
334 3023 461 3102 divinisq
494 3061 537 3076 -
569 3029 651 3092 Tum
673 3029 719 3092 ita
741 3025 846 3114 pergit
870 3028 1008 3092 Glauco:
1048 3019 1269 3112 Παγκάλονς,

94 3127 176 3220 ἔφη,
219 3123 296 3214 τοὺς
324 3123 505 3220 ἄρχοντας,
543 3115 568 3194 6
601 3125 798 3221 Σώκρατες,
835 3120 942 3219 ὥσπερ
978 3123 1271 3216 ἀνδριαντοποιὸς,

94 3238 246 3299 numente
266 3229 343 3317 poni
374 3239 405 3298 et
429 3230 583 3298 sacrificia
608 3231 677 3300 fieri
705 3242 741 3299 ut
765 3232 993 3310 daemonibus,
1027 3237 1082 3298 aut
1102 3230 1212 3298 saltem
1236 3237 1272 3298 ut

94 3330 306 3426 ἀπείργασαι.
348 3335 431 3402 Και
452 3360 525 3413 τας
546 3359 756 3426 αργονσας
776 3332 999 3422 γε,ηνδ
984 3331 1068 3424 εγὼ,
1092 3320 1271 3402 ὦΓλαύ-

92 3461 179 3508 κων.
210 3441 311 3525 μηδὲν
338 3433 403 3527 γάρ
431 3463 464 3504 τι
491 3439 564 3506 οῖον
592 3465 633 3528 με
660 3446 733 3532 περὶ
761 3435 888 3560 ἀνδρῶν
917 3435 1077 3530 εἰρηκέναι
1093 3431 1271 3558 μάλλον“
1247 3465 1271 3504 α

92 3543 225 3633 εἴρηκα,
254 3538 274 3624 6
301 3547 422 3631 περίγ
401 3542 580 3628 γυναικῶν,
613 3535 692 3610 ίίσαι
720 3539 761 3611 ἀν
789 3539 897 3612 αὐτῶν
923 3545 1034 3612 ἱκαναί
1064 3538 1124 3622 τάς
1153 3535 1270 3634 φάσεις

92 3645 316 3732 ἐγγίγνονται.
357 3639 552 3732 '0066st
541 3645 621 3739 ε’,φη
653 3648 742 3734 εἴπερ
770 3649 828 3714 ἴσα
848 3673 884 3732 γε
905 3641 1015 3714 πάντα
1037 3653 1106 3726 τοῖς
1128 3641 1270 3737 ἀνδράσι

92 3742 667 3834 κοινωνήσουσιν,ὡςδιήλδομεν).
705 3737 863 3816 Γιοαν
852 3749 999 3843 ,ἔφην’
1023 3751 1270 3839 ξογχωρεῖτε

90 3855 185 3938 περὶ
210 3853 290 3931 τῆς
321 3846 475 3930 πόλεώς
506 3877 547 3919 τε
577 3858 645 3920 καί
662 3854 888 3932 πολιτείας
917 3850 972 3941 μὴ
999 3849 1270 3923 παντάπασιν

91 3951 202 4043 ἡμᾶς
224 3950 346 4043 εὐχάς
368 3956 600 4046 εἰρηκέναι,
627 3952 732 4024 ἀλλὰ
756 3952 918 4046 χαλεπά
939 3964 1026 4044 μὲν,
1049 3955 1208 4026 δυνατά
1228 3961 1271 4026 δέ

94 4107 431 4122 mna——

137 4257 141 4265 .
165 4207 187 4276 *)
206 4211 293 4262 -1ιιοι1
316 4211 423 4276 quidem
438 4215 481 4304 :de
507 4218 701 4270 communiente
729 4219 798 4270 ιΙιοι
816 4220 886 4272 inter
903 4216 1070 4285 feminaeque
1088 4223 1202 4286 Ιιοιιτιλο
1218 4223 1269 4275 rel·

93 4300 229 4366 pumma,
248 4313 303 4354 nen
320 4301 396 4358 reem
415 4305 626 4370 quisquamne
645 4309 697 4361 nm
718 4307 752 4360 εδ
772 4308 960 4372 rempubueem
979 4313 1075 4366 trehet.
