3298 5232
889 415 1119 480 -232-

408 603 476 673 πη,
510 580 578 642 καὶ
610 569 681 646 οὐκ
704 571 893 670 &timii
872 575 1107 666 ιρηται,
1133 596 1238 642 οταν
1268 567 1359 640 οἱ
1337 599 1388 654 ως
1414 569 1556 657 cirea
1610 565 1611 570 ¹

409 667 648 780 φιλόσοφοι
670 673 891 760 δννασται,
920 673 1182 760 ἢπλείονς”
1161 705 1182 758 η
1212 668 1282 756 εἷς,
1312 678 1353 744 έν
1380 673 1557 764 κόλειγε-
1610 679 1611 728 3

407 777 576 870 νόμενοι
602 783 678 849 τῶν
706 790 781 866 μὲν
809 783 877 849 νῦν
907 781 1035 868 τιμῶν
1057 769 1456 873 καταφρονήσωσιν,
1481 778 1557 868 ήγη-

409 881 586 972 σαμενοι
614 881 933 974 ἀνελευθέρους
961 876 1066 953 εἶναι
1088 889 1155 951 καὶ
1177 880 1349 964 οὐδενὸς
1370 878 1553 964 ἀξίας,
1524 911 1557 951 τι
1610 931 1611 938 1

409 992 451 1056 δέ
480 985 621 1071 ὄρθ’ὸν
648 996 741 1079 περὶ
768 989 971 1056 πλείστου
1000 983 1285 1075 ποιησάμενοι
1314 992 1387 1052 καὶ
1410 984 1478 1066 τὰς
1496 983 1558 1054 ιἰτὸ

408 1088 561 1160 τούτου
594 1089 730 1180 τιμὰς,
761 1097 961 1179 μέγιστον
995 1093 1132 1157 δὲκαὶ
1161 1084 1501 1176 ἀναγκαιότατον
1524 1088 1559 1156 τὸ

409 1196 590 1274 δίκαιον,
620 1200 689 1262 καὶ
717 1189 854 1286 τούτῳ
884 1190 930 1275 δή
961 1189 1266 1285 ὑπηρετοῦντές
1288 1217 1329 1260 τε
1351 1198 1419 1260 καὶ
1441 1191 1559 1275 αὔξον·

409 1324 476 1375 τες
518 1293 621 1365 αὐτὸ
662 1292 1080 1386 διασκευωρήσωνται
1116 1294 1192 1378 τὴν
1223 1297 1377 1364 έαντῶν
1412 1291 1559 1381 πόλινἼς

411 1402 517 1483 Πῶς,
540 1401 627 1494 ἔφη.
661 1393 779 1468 Ὅσοι
799 1407 870 1484 μὲν
892 1397 948 1478 ἂν,
970 1387 1018 1482 ’ἦν
1040 1396 1070 1466 δ’
1094 1397 1178 1486 ἐγὼ,
1201 1395 1473 1491 πρεσβύτεροι
1492 1425 1559 1484 tuy-

405 1501 562 1593 ήοὲνωσι
597 1505 768 1572 δεκετῶν
806 1506 844 1571 ἐν
877 1505 923 1598 τῇ
954 1499 1091 1585 πόλει,
1130 1499 1288 1582 πάντας
1317 1505 1559 1590 ἐκπέμψωσιν

409 1603 469 1686 εἰς
491 1605 588 1687 τοὺς
609 1603 779 1698 ἀγροὺς,
808 1603 907 1686 τοὺς
929 1609 969 1673 δὲ
991 1611 1143 1685 παῖδας
1166 1601 1300 1675 αὐτῶν
1321 1601 1560 1694 παραλαβὸν-
1610 1639 1611 1696 ρ

411 1737 477 1790 τες
511 1708 631 1789 εκτὸς
663 1735 740 1777 των
771 1711 840 1777 νῦν
872 1705 1057 1792 ι’θῶν,’
1043 1705 1067 1777 οὶ
1099 1716 1166 1776 καὶ
1200 1715 1237 1776 οὶ
1270 1713 1393 1798 γονῆς
1426 1711 1560 1798 ἔχουσι,

409 1816 707 1938 θρέψωνται
692 1837 731 1882 εν
760 1819 852 1891 τοῖς
881 1817 1102 1906 σφετέροις
1129 1808 1324 1936 τρόποις
1331 1820 1399 1881 καὶ
1420 1809 1559 1899 νόμοις,

410 1915 536 1986 οὖσιν
559 1915 670 1995 clete
692 1912 1015 2004 διεληλύθαμεν
1036 1913 1147 1996 τότε,
1178 1923 1245 1984 καὶ
1277 1910 1382 1984 οὕτω
1411 1909 1611 2006 ταχιστή
1610 1915 1611 1950 l

412 2047 453 2088 τε
485 2027 554 2088 καὶ
584 2023 718 2112 ῥᾷστα
745 2015 866 2086 πόλιν
888 2044 927 2086 τε
949 2025 1018 2086 καὶ
1040 2015 1326 2098 ectenias,
1314 2015 1358 2102 ήν
1381 2023 1559 2106 ἐλέγομεν,
1610 2011 1611 2064 l

410 2125 687 2190 καταστᾶσαν
709 2119 842 2204 αὐτήν
865 2147 904 2188 τε
933 2119 1258 2210 εὐδαιμονήσειν
1279 2129 1349 2190 καὶ
1372 2121 1417 2189 τὸ
1440 2123 1559 2197 ἔθνος,

414 2216 835 2320 ένωανέγγένηται,
864 2221 1082 2292 πλεῖστα
1066 2222 1245 2308 ονήσειν.
1290 2222 1462 2294 Πολύ
1426 2225 1560 2314 γ,έρη·
1541 2221 1611 2304 cl

412 2335 481 2396 καὶ
505 2324 553 2408 ὡς
575 2325 620 2396 dv
641 2333 827 2416 γένοιτο,
838 2330 962 2453 εἴπερ
985 2336 1082 2396 ιτοτὲ
1107 2331 1319 2416 γίγνοιτο,
1344 2333 1484 2406 δοκεῖς
1501 2351 1560 2416 μοι

413 2421 437 2502 ὦ
465 2430 707 2525 Σώκρατες,
743 2430 781 2498 εὐ
810 2429 1029 2521 εἰρηκέναι.
1074 2432 1118 2500 Cf
1141 2455 1170 2520 p
1182 2435 1275 2508 55,·0
1301 2437 1345 2499 st.
1390 2435 1498 2498 Omnis
1524 2429 1561 2515 qui

412 2545 630 2622 praecesserat
651 2557 755 2602 sermo
782 2537 821 2601 ad
850 2536 1292 2623 civitatempertineba13de
1315 2537 1506 2624 pbilosophis
1524 2555 1561 2598 ar

410 2643 477 2722 'tem
504 2639 738 2726 magistratibus
761 2663 830 2706 eam
853 2645 895 2706 ob
916 2661 1040 2707 causam
1065 2641 1160 2717 diruit,
1190 2650 1228 2706 ut
1250 2641 1410 2729 perlectae
1433 2641 1517 2706 buius
1532 2636 1560 2701 ci-

413 2746 518 2810 vitatis
544 2747 713 2830 descriptio
738 2747 781 2810 ita
809 2743 1036 2811 absolveretur.
1087 2747 1184 2810 Totus
1208 2745 1307 2830 igitur
1330 2763 1438 2810 sermo
1464 2745 1561 2809 babitu

414 2847 454 2914 ad
486 2849 569 2913 bunc
597 2869 696 2932 usque
728 2847 832 2914 lucum
864 2847 905 2914 ad
937 2849 1093 2914 civitatem
1108 2849 1278 2933 pertinet,
1317 2851 1360 2913 ita
1396 2845 1517 2932 quidem
1538 2849 1561 2908 ui

411 2951 483 3017 fieri
519 2949 600 3016 adeo'
628 2968 723 3036 posse
754 2955 834 3017 banc
864 2953 1020 3017 civitatem
1051 2953 1197 3018 docuisse
1226 2952 1287 3018 sibi
1318 2951 1467 3017 videatur
1488 2949 1560 3014 Plato.
1610 2943 1611 2988 ἕ

412 3059 482 3123 Ηοο
511 3061 615 3120 autem
643 3053 729 3119 iautc
759 3058 892 3140 gravius·
912 3057 1014 3121 videri
1043 3054 1152 3130 debet,
1182 3059 1267 3142 quud
1297 3055 1331 3120 in
1363 3053 1427 3120 fine
1456 3051 1520 3120 libri
1541 3055 1561 3114 et

410 3161 508 3226 tutius
555 3161 595 3224 de
642 3161 783 3242 perlecta
828 3159 999 3245 Republica
1026 3158 1264 3242 ‘disputationis
1297 3160 1456 3246 pesitum,
1499 3156 1560 3221 clare

412 3263 524 3340 docet,
561 3283 624 3348 quc
651 3262 756 3327 omnia
782 3265 863 3327 dicta
890 3265 1076 3349 pertineant.
1125 3263 1201 3328 Cum
1223 3284 1299 3328 vero
1328 3262 1492 3349 parvulos,
1524 3263 1561 3324 de·

410 3379 485 3434 'cem
521 3387 619 3431 annos
654 3375 759 3443 natos,
800 3365 993 3453 pbilosophis
1025 3364 1135 3442 tradit,
1170 3374 1206 3432 ut
1239 3367 1381 3431 moribus
1425 3384 1478 3432 ecs
1515 3360 1560 3426 suis

410 3471 598 3556 legibusque
633 3471 813 3546 instituant,
860 3478 891 3534 et
922 3467 1096 3552 perfectam
1132 3468 1212 3534 banc
1248 3470 1405 3534 civitatem
1438 3471 1480 3534 ita
1507 3485 1562 3530 ccu-

413 3579 503 3653 dant,
538 3596 614 3639 num
641 3594 713 3640 eum
737 3571 864 3640 virtutis
885 3572 1090 3640 illustrandae
1110 3573 1209 3658 gratia
1231 3577 1311 3638 banc
1334 3575 1487 3638 civitatem
1506 3589 1561 3634 eoa

414 3743 730 3762 *¹⁴*—

413 3851 416 3858 ’
483 3864 507 3929 *)
523 3869 563 3920 lta
583 3873 742 3934 perspicitur
761 3872 785 3921 ei
806 3873 852 3934 qui
872 3872 1015 3934 periectem
1035 3872 1224 3936 rempublicam
1245 3871 1395 3924 describere
1413 3869 1560 3924 velletrum

414 3957 593 4020 explicandam
612 3960 692 4012 icisse
720 3962 856 4012 iustitiam.
901 3961 1027 4026 Agnoscit
1058 3970 1146 4022 autem
1176 3945 1271 4024 gradus
1300 3961 1429 4023 quosdam
1457 3957 1560 4009 institiae.

412 4052 512 4113 quippe
532 4062 599 4110 quae
619 4051 808 4110 perlectionem
828 4050 950 4101 admittat
969 4067 999 4103 ex
1019 4051 1078 4102 idea
1096 4051 1156 4102 beni
1174 4051 1357 4112 repetendam
1395 4045 1561 4098 lustitiaeniu

412 4144 452 4191 est
471 4139 628 4200 principium
649 4143 760 4192 civitatis
777 4140 932 4200 humanum,
951 4138 1011 4192 idea
1026 4140 1087 4192 boni
1101 4145 1141 4191 est
1155 4141 1313 4201 principium
1328 4141 1439 4189 civitatis
1453 4137 1559 4186 divinum.

411 4228 506 4292 lupae
525 4229 665 4289 utriusque
683 4231 749 4279 ratio
768 4229 890 4280 habenda
909 4236 964 4280 eret
984 4233 1017 4279 in.
1032 4242 1063 4281 ea
1082 4231 1197 4288 civitate,
1217 4239 1286 4292 quae
1305 4241 1335 4279 er
1348 4225 1500 4282 bominibus
1515 4231 1561 4272 cea·
1610 4283 1611 4294 ρ

412 4323 503 4381 staret,
522 4327 652 4370 summam
671 4321 758 4370 umen
778 4319 967 4385 perlectionem
987 4323 1135 4383 appeteret
1160 4319 1200 4370 tii·
1218 4315 1267 4372 iu.
1287 4317 1356 4376 Vn,-
1368 4328 1394 4380 p.
1413 4315 1473 4369 eii.
1492 4313 1520 4362 li.
1536 4307 1559 4356 u.
1610 4331 1611 4416 ρ
