3298 5232
847 353 1081 420 -152-

371 511 523 586 iustitiam
551 516 677 602 quaeri,
716 514 939 599 civitatemque
966 515 1034 580 eius
1058 513 1271 582 iureniendae
1290 515 1393 600 qratia
1417 516 1547 592 exenni,

371 622 490 706 quippe
510 621 545 683 iu
567 639 631 705 qua
650 617 774 684 facilius
791 620 928 684 inveniri
948 621 1061 702 possit.
1107 621 1156 684 Ob
1176 623 1308 687 eandem
1326 624 1408 685 hanc
1428 640 1550 685 causam

371 744 410 790 aa
431 729 556 789 tantum
578 722 713 789 civitatis
736 724 878 788 instituta
900 725 1178 788 commemoranda
1197 723 1334 799 fuerunt,
1364 743 1446 808 qnae
1467 724 1551 789 iusti-

369 827 432 892 tiae
465 829 630 892 notionem
659 823 783 890 referre
798 881 799 886 ,
813 847 908 911 quam
934 827 1072 890 maxime
1097 833 1276 912 appareret.
1322 828 1417 905 Quod
1439 825 1548 904 fiebat,

369 931 397 1001 si
422 929 536 996 iustam
566 929 723 995 civitatem
748 930 792 995 ita
817 936 1012 1005 exstrueret,
1038 936 1074 995 ut
1097 937 1245 1015 tanquam
1271 932 1405 998 εἴδωλον
1426 930 1553 1014 aliquod
1632 989 1633 996 ,

370 1041 456 1098 esset
484 1032 560 1101 iusti
588 1031 736 1098 hominis.
795 1034 901 1109 Quare
933 1040 998 1096 tres
1026 1031 1143 1098 civium
1172 1031 1287 1098 classes
1305 1033 1425 1098 'tribus
1459 1036 1552 1098 animi

367 1139 513 1226 partibus
533 1138 746 1223 respondent,
779 1135 955 1221 eademque
983 1142 1030 1200 est
1052 1135 1202 1202 virtutum
1224 1136 1448 1213 cardinalium,
1477 1159 1553 1223 quas
1632 1143 1633 1150 ’

368 1249 499 1317 vocant,
526 1239 560 1306 in
584 1239 729 1324 utrisque
757 1241 847 1304 ratio.
892 1240 1005 1304 Omnia
1028 1259 1108 1305 vero
1130 1259 1169 1304 ea
1188 1243 1385 1304 secernenda
1405 1242 1550 1318 fuerunt,

370 1367 452 1432 quae
480 1341 520 1408 ad
537 1343 763 1409 'illustrandam
791 1341 929 1408 institiae
959 1343 1123 1408 notionem
1153 1363 1218 1409 nou
1247 1344 1463 1427 pertinerent,
1499 1365 1553 1409 nee

369 1450 414 1516 ita
442 1454 625 1530 comparata
644 1453 760 1522 essent,
785 1453 821 1510 ut
844 1453 967 1533 pateret
988 1445 1071 1510 inter
1094 1449 1164 1529 ipsa
1183 1452 1215 1510 et
1235 1445 1373 1512 institiae
1392 1448 1553 1514 notionem

335 1619 337 1624 ,
370 1551 549 1637 analogiam
574 1553 732 1635 quandam
752 1549 1019 1616 accuratissimam
1041 1551 1249 1616 intercedcse.
1294 1553 1373 1614 Nam
1396 1549 1423 1614 si
1448 1554 1554 1616 addita

369 1655 519 1728 fuissent,
555 1654 677 1721 turbari
690 1699 693 1707 ,
706 1673 837 1719 neeesse
867 1654 929 1718 fuit
957 1651 1189 1718 cohaerentiam
1217 1654 1355 1740 partium
1380 1654 1552 1732 sermonis,

369 1757 626 1845 intellectumque
651 1764 705 1823 aut
730 1760 825 1841 plane
849 1755 1015 1841 prohiberi
1035 1763 1090 1822 aut
1116 1753 1334 1824 difficillimum
1357 1755 1439 1823 fieri.
1486 1760 1554 1822 Huc

370 1864 501 1936 aceedit,
526 1864 613 1948 qnod
632 1863 769 1944 nisilres
794 1861 838 1926 ita
855 1861 1006 1925 ·instituta
1027 1866 1120 1934 asael,
1143 1863 1409 1945 quemadmodum
1431 1863 1554 1926 iustitu-

369 1975 434 2034 tam
456 1965 612 2041 videmus,
640 1963 782 2049 quaestio
809 1965 849 2028 de
875 1963 1014 2039 civitate,
1040 1962 1171 2028 alteram
1197 1965 1237 2029 de
1260 1962 1392 2040 iustitia,
1422 1965 1554 2031 nimium

370 2077 523 2156 qnantum
542 2075 729 2162 superatura
743 2069 812 2168 viqa
830 2075 915 2134 esset
934 2069 966 2131 et
977 2067 1191 2152 amplitudine
1210 2075 1243 2133 et
1261 2069 1428 2152 perinte,
1452 2090 1555 2156 neque

370 2172 416 2238 ita
438 2174 574 2237 retineri
593 2172 750 2254 potuisset
771 2172 904 2257 speeies,
932 2168 1027 2236 finem
1047 2173 1155 2254 operis
1177 2173 1210 2237 in
1232 2171 1352 2236 iustitia
1372 2172 1556 2257 quaerenda
1632 2257 1633 2266 ἶ

371 2296 441 2342 esse
460 2274 608 2362 positum.
653 2277 763 2360 Neque
782 2282 849 2340 tum
867 2273 1059 2343 satisfactum
1081 2281 1166 2340 esset
1185 2273 1356 2359 legentium
1374 2283 1407 2342 et
1424 2276 1556 2342 audieu-

276 2401 278 2405 ’
370 2382 450 2446 tium
474 2380 656 2466 cupiditati,
688 2398 768 2464 quos
792 2397 887 2463 aegre
912 2378 1032 2444 laturos
1054 2398 1124 2444 esse
1150 2377 1395 2464 exspectandum
1417 2387 1506 2466 erat,
1529 2382 1555 2445 si

370 2483 508 2549 iustitiae
533 2484 696 2568 quaestio,
726 2501 822 2567 quam
851 2483 1006 2548 sermonis
1032 2480 1126 2547 finem
1152 2481 1315 2547 continere
1342 2481 1432 2547 Plato
1459 2486 1556 2549 simn-

369 2587 456 2662 lavit,
480 2591 519 2652 ab
546 2606 659 2652 eorum
684 2585 784 2652 oculis
805 2593 926 2656 tantum
945 2594 1067 2650 remota
1089 2593 1182 2651 esset.
1229 2587 1333 2664 Quam
1357 2590 1456 2652 etiam
1482 2608 1555 2652 cau-

371 2709 439 2756 sam
459 2689 623 2758 Platonem
647 2691 858 2757 commovisse
886 2699 1047 2773 putamus,
1079 2697 1198 2754 uttam
1221 2687 1363 2755 breviter
1388 2693 1428 2755 de
1454 2693 1556 2775 magi·
1632 2727 1633 2768 ;

371 2794 520 2860 stratibus
557 2813 653 2876 supra
684 2794 820 2869 diceret,
858 2792 981 2858 etiamsi
1016 2795 1084 2858 eins
1118 2795 1166 2858 rei
1201 2815 1274 2858 cum
1315 2793 1459 2860 idearum
1499 2798 1556 2860 do-
1632 2793 1633 2852 l

373 2898 475 2962 ctrina
506 2898 698 2980 arctissimus
731 2903 779 2962 est
806 2913 916 2962 nexus.
956 2900 1035 2962 Nam
1067 2896 1183 2978 mirum
1210 2898 1312 2962 videri
1327 2917 1468 2964 ‚necesse
1498 2907 1554 2974 est,

370 2999 535 3068 Platonem
557 3002 596 3066 de
618 2999 852 3086 magistratibus
877 3008 940 3066 tam
961 3020 1064 3087 pauca
1086 2999 1234 3078 tradere,
1273 3021 1371 3086 quum
1396 3004 1430 3066 in
1443 3005 1555 3067 nebus

371 3103 442 3170 aliis
466 3103 565 3168 multo
585 3102 759 3170 levioribus
785 3103 962 3170 diutissime
982 3113 1205 3170 commoretur.
1248 3106 1449 3170 Distribuere
1470 3105 1554 3170 enim

372 3207 482 3274 debuit
512 3227 550 3272 ea
578 3229 660 3292 quae
696 3210 736 3274 de
766 3209 893 3274 civitate
924 3206 1066 3283 dicebat,
1098 3228 1138 3273 ne
1167 3208 1251 3273 mole
1273 3227 1382 3272 earum
1409 3212 1554 3294 quaestio

372 3315 413 3378 de
441 3310 561 3377 institia
587 3307 755 3387 laborare,
794 3319 889 3396 atque
917 3315 999 3377 adeo
1036 3332 1053 3376 e
1087 3310 1258 3396 legentium
1293 3318 1389 3398 atque
1423 3315 1556 3378 audien·

370 3414 450 3482 tium
482 3413 583 3480 oeulis
616 3421 711 3498 atque
731 3412 871 3480 auribus
900 3414 1059 3480 removeri
1088 3414 1262 3480 videretur.
1296 3417 1375 3481 avon
1406 3418 1472 3480 alia
1503 3437 1555 3482 ra·
1632 3435 1633 3438 ’

371 3521 450 3583 tioae
474 3521 590 3602 factum
620 3527 677 3592 cst,
707 3520 786 3615 qnod
808 3520 941 3583 civitatis
959 3522 1109 3602 perfectae
1137 3521 1195 3582 ttae
1215 3528 1304 3601 parte
1333 3520 1487 3604 abaciaco,
1516 3543 1555 3586 ec

370 3625 473 3686 animo
495 3623 626 3688 hominis
645 3623 795 3686 iustitiam
812 3625 932 3705 repetit,
962 3644 1022 3706 qua
1038 3625 1159 3686 inventa
1178 3625 1304 3686 atterius
1318 3625 1421 3706 partie
1440 3624 1555 3706 dialupa‘
1632 3667 1633 3706 ;

368 3728 440 3810 fiais
462 3733 521 3800 cst,
556 3735 643 3810 atque
667 3727 740 3790 adca
766 3728 839 3809 fiais
859 3729 951 3800 totius
975 3727 1103 3809 dialoqi,
1136 3728 1219 3790 siin
1240 3727 1410 3809 quaerenda
1433 3729 1554 3792 iaastita'a
1632 3721 1633 3748 ³

371 3831 587 3896 illustrandam
612 3838 726 3895 actara
747 3839 775 3894 et
794 3832 986 3913 praestantia
1007 3832 1072 3894 einr
1093 3829 1208 3912 dialopi
1233 3831 1305 3912 fiais
1324 3832 1445 3912 positus
1466 3841 1552 3895 esset.

369 3933 438 3998 lam
464 3951 542 3996 aava
564 3954 643 4016 pars
667 3935 815 3998 sermonis
846 3935 1002 4007 emoritur,
1036 3955 1111 4016 qaae
1133 3942 1245 4008 tamea,
1271 3936 1392 3998 iocata
1415 3935 1553 4006 institia,

367 4055 430 4101 noa
447 4038 493 4100 ita
516 4039 706 4119 suscipietda
725 4039 788 4121 [ait
810 4046 954 4122 teaaqoam
975 4038 1111 4100 iustitiae
1132 4037 1316 4120 qaaermdac
1342 4057 1437 4101 causa
1457 4040 1554 4121 expli-

370 4149 463 4205 cetur.
508 4143 610 4224 Atque
637 4141 681 4204 ita
705 4148 848 4228 apparet,
874 4160 932 4206 cur
956 4143 1118 4216 Socrates,
1152 4139 1204 4204 cui
1226 4139 1326 4204 altera
1347 4139 1450 4205 adhue
1477 4161 1550 4228 pars

327 4323 329 4330 ,
369 4251 403 4310 et
423 4241 525 4311 maior
550 4241 742 4332 graviorque
770 4246 866 4310 etiam
894 4245 1054 4327 perlectae
1085 4241 1218 4318 civitatis
1245 4243 1430 4330 explicanda
1454 4252 1550 4320 esset,
