3312 5238
454 401 460 410 ’
573 401 785 477 ιι-ιείω

86 581 141 646 καί
165 565 231 645 ίίσοι
249 571 378 646 ’τούτων
403 572 535 670 ἀδελφὰ
558 582 615 645 καλ
643 573 685 645 τόν
711 571 836 645 τούτων
865 555 909 646 αὖ
937 576 1066 646 ἐναντία
1083 572 1268 668 ’πανταχοό

86 675 329 774 περιφερόμενα
354 683 556 774 γνωρίζωμεν
584 687 640 749 καί
674 676 789 748 ἐνόντα
819 681 852 746 ἐν
878 673 927 760 οἷς
958 681 1060 760 ἔνεςιν
1092 677 1269 750 αἰσθανώ-

84 789 182 874 μεθα
206 789 261 850 καί
287 779 373 851 αὐτὰ
394 789 449 852 καί
472 779 600 864 εἰκόνας
622 779 744 865 αὐτῶν,
773 787 828 850 καί
852 779 933 870 μήτε
958 785 992 851 ἐν
1011 789 1163 876 σμικροῖς
1185 781 1268 872 μήτε

86 891 119 956 ἐν
144 883 301 976 μεγάλοις
324 883 539 976 ἀτιμάζωμεν,
565 883 651 955 ἀλλὰ
673 889 731 969 τῆς
754 883 856 969 αὐτῆς
880 882 1033 975 οίείμεθα
1056 892 1167 977 τέχνης
1183 879 1268 957 εἶναι

85 997 142 1060 καί
168 993 322 1079 μελέτηςς
356 985 473 1074 Πολλὴ
505 986 649 1077 ἀνάγκη,
678 989 751 1084 ἔφη.
796 989 894 1059 Vides
915 991 1044 1058 curinio
1065 992 1269 1060 nominentur

86 1095 210 1184 species
231 1097 470 1182 temperantiae,
499 1094 709 1168 fortitudinis,
739 1093 837 1171 aliae,
869 1103 1011 1161 taceatur
1035 1095 1170 1173 iustitia,
1204 1119 1266 1183 qua

85 1201 156 1267 illae
187 1197 411 1285 comprehendi
442 1197 543 1264 serius
564 1195 711 1286 patebit.
762 1197 927 1266 Praemisit
956 1207 1060 1264 autem
1090 1200 1164 1267 huie
1194 1201 1265 1266 ioco

86 1305 176 1370 Plato
202 1301 368 1378 nonnulla,
400 1323 482 1389 quae
502 1309 588 1367 recte
610 1301 650 1370 ad
672 1300 900 1368 defendendam
923 1311 1062 1370 nostram
1087 1303 1127 1370 de
1150 1305 1268 1389 Operis

86 1407 149 1472 fine
180 1405 366 1472 sententiam
393 1426 490 1490 supra
518 1403 698 1471 adhibuisse
729 1402 822 1472 nobis
855 1404 1015 1482 videmur,
1054 1427 1135 1493 qnae
1160 1407 1264 1473 denuo

87 1510 200 1577 lectori
224 1509 258 1575 in
282 1511 467 1575 memoriam
491 1527 659 1576 revocasse
681 1527 745 1575 non
767 1508 956 1596 poenitebit
991 1508 1038 1576 Cf.
1059 1531 1093 1596 p.
1117 1511 1198 1588 dte,
1227 1513 1264 1576 B.

87 1609 476 1682 θόκοῦν-ν-παντοίπιισι
490 1619 550 1699 μὲν
563 1599 630 1680 οὗν.
650 1617 727 1678 Nam
744 1613 798 1703 qui
813 1614 944 1680 virtutes
958 1615 1041 1701 ipsas
1054 1613 1267 1701 iustitiamque

88 1739 150 1784 non
174 1717 330 1803 coguovit,
354 1713 408 1804 qui
434 1720 461 1782 is
487 1737 595 1782 earum
614 1717 766 1800 imagines
787 1737 981 1802 cognoscere
1004 1717 1142 1804 poterit,
1164 1717 1266 1804 quaiis

89 1831 134 1888 est
158 1820 230 1908 ipsa
254 1819 362 1885 civitas
383 1839 424 1886 ex
445 1828 549 1885 mente
563 1819 721 1884 Platonis?
743 1855 785 1870 -·
805 1820 926 1886 Finitur
945 1825 1024 1886 haec
1046 1819 1265 1909 disputationis

87 1945 161 2012 pars
185 1923 345 2010 aptissime
365 1922 633 2012 praestantissimo
656 1925 689 1988 in
712 1937 853 1989 amorem
874 1923 976 2009 pulcri
999 1924 1114 2009 elogio,
1140 1947 1174 2010 p.
1204 1925 1267 1991 ῖιδὲ

87 2034 112 2094 Ι)
135 2063 180 2078 -
203 2027 275 2103 dee,
299 2028 346 2104 0.,
369 2027 476 2096 habita
490 2026 608 2092 diserte
622 2029 744 2093 ratione
759 2027 972 2113 Reipublicae,
997 2033 1048 2094 cui
1067 2026 1147 2094 han‘e
1164 2027 1267 2112 legem

86 2131 166 2198 ferri
188 2131 349 2208 videmus,
382 2122 474 2198 Οίίτω
500 2127 550 2212 δὴ,
577 2125 741 2208 ὡςὲοικε,
764 2127 1005 2220 νομοθετήσεις
1026 2133 1059 2197 ἐν
1081 2115 1121 2228 τῇ
1146 2128 1267 2212 οἰκιζο-

85 2241 167 2332 μένῂ
193 2231 297 2314 πόλει,
325 2239 433 2327 φιλεῖν
456 2239 517 2322 μὲν
540 2238 596 2299 καί
621 2233 760 2314 ξυνεῖναι
783 2240 838 2301 καί
860 2226 1033 2302 όίπιεσθαι
1055 2226 1161 2324 όίσίτερ
1181 2238 1268 2313 υἱέος

86 2340 251 2407 παιδικῶν
279 2335 419 2431 ἐραστὴν
446 2338 510 2404 τῶν
532 2337 646 2404 καλῶν
675 2332 792 2428 χάριν,
823 2335 880 2406 ἐὰν
909 2338 1026 2432 πείθῃ·
1054 2333 1098 2404 τόι
1125 2334 1155 2404 δ’
1180 2335 1267 2404 ἄλλα

88 2435 195 2522 οὕτως
225 2437 350 2530 ὁμιλεῖν
380 2438 463 2532 πρὸς
496 2431 535 2509 όν
561 2463 612 2518 τις
643 2436 842 2522 σπουδάζοι,
882 2433 969 2520 ίίπως
986 2443 1154 2529 ’μηδέποτε
1182 2437 1267 2522 δόξει
1312 2513 1314 2518 ,

87 2540 280 2637 μακρότερα
296 2540 419 2612 τούτων
440 2545 694 2632 ξυγγίγνεσθαι·
717 2539 801 2610 εἰδὲ
822 2541 878 2630 μὴ,
901 2539 1013 2638 φόγον
1034 2539 1198 2631 ἀμουσίας
1213 2547 1267 2610 καί

87 2646 325 2739 ἀπειροκαλίας
347 2644 520 2743 ὑφέξοντα.
545 2667 576 2735 p.
600 2649 671 2724 40³,
694 2651 729 2712 Β.
753 2669 793 2714 en
814 2647 938 2715 virtutis
953 2656 1065 2715 natura
1080 2647 1264 2731 repetitam.

89 2755 136 2818 Cf·
160 2773 192 2840 p.
216 2754 290 2830 402,
313 2755 350 2820 Ε.
385 2787 400 2812 ι,

527 3029 712 3098 sucuro
742 3032 824 3099 m.

176 3257 264 3319 Tum
285 3250 390 3319 dicere
419 3253 566 3319 Socrates
590 3249 699 3338 incipit
727 3253 767 3316 de
796 3249 1005 3336 gymnastico.¹
1045 3252 1206 3316 Sermonis
1228 3271 1267 3316 ea

89 3359 129 3426 dc
152 3379 189 3423 re
210 3353 311 3422 habiti
332 3355 523 3442 principium
541 3359 602 3421 hcc
626 3365 694 3420 est:
718 3357 788 3420 Nou
811 3353 913 3421 videri
931 3350 1012 3420 bene
1036 3352 1181 3420 affectum
1197 3373 1267 3420 cor-

89 3483 150 3548 pus
177 3481 234 3526 sua
257 3461 373 3525 virtute
393 3463 531 3526 animum
556 3456 674 3524 benum
689 3456 834 3534 reddere,
856 3461 912 3523 sed
931 3464 1040 3523 contre
1062 3455 1181 3523 bouum
1200 3457 1268 3522 ani-

89 3587 176 3632 mum
200 3585 257 3630 sua
277 3562 399 3630 virtute
416 3582 530 3649 corpus
550 3561 687 3630 reddere
705 3583 800 3649 quam
820 3561 1004 3649 optimumf
1027 3564 1146 3648 Itaque,
1168 3581 1265 3645 quum

89 3675 229 3736 mentem
249 3671 330 3733 bene
348 3665 585 3742 instituente.
607 3666 783 3732 e.=virtutis
805 3664 871 3733 sive
893 3663 1030 3730 iustitiae
1052 3671 1220 3750 praecepta
1233 3666 1267 3729 iu

89 3789 265 3861 puerorum
287 3772 470 3836 educatione
485 3776 623 3837 *strenue
649 3779 773 3836 secutus
796 3774 936 3845 sit‚«non
959 3787 1039 3853 opus
1065 3787 1135 3833 esse
1160 3775 1266 3854 putat,

89 3885 126 3943 ut
153 3876 194 3943 de
221 3874 267 3940 iis
287 3894 379 3961 quae
394 3871 436 3938 ad
462 3893 577 3960 corpus
603 3875 781 3957 pertineant
798 3871 906 3941 multa
933 3869 1029 3948 dicat3
1063 3871 1108 3937 ob
1133 3891 1266 3956 eumque

91 4000 218 4046 eausam
238 3972 361 4055 τόπους
382 3983 501 4042 tautum
525 3981 677 4064 quosdam
704 3997 813 4042 eorum
839 3997 920 4062 quae
943 3970 1141 4040 observanda
1151 3973 1216 4040 sint
1233 3995 1267 4040 se

90 4081 281 4148 traditurum
303 4099 372 4146 esse
398 4081 544 4150 declarat.
586 4079 770 4152 nemosisse
798 4101 833 4146 se
858 4078 956 4164 igitur
976 4076 1179 4144 vinolentiam
1200 4097 1268 4142 mo·

90 4199 154 4252 net.
202 4185 309 4250 Cuivis
331 4187 414 4249 euim
435 4183 534 4270 magis
555 4184 704 4260 concedi,
737 4203 829 4269 quam
858 4181 995 4256 custodi,
1027 4182 1118 4247 ebrio
1143 4179 1266 4246 nescire

91 4289 314 4358 ubiterrarum
326 4286 376 4366 sit,
394 4287 616 4366 etridicuium,
633 4286 795 4360 custodem
806 4285 944 4354 custodie
963 4277 1116 4372 indigere.
1143 4280 1265 4352 Deinde
