3312 5238
387 549 500 600 eorum
528 531 626 600 causa
650 525 955 609 commemoramus,
989 533 1044 618 qui
1065 531 1173 596 mirati
1189 537 1285 608 sont,
1320 527 1398 615 quid
1420 531 1462 594 sit
1483 532 1569 614 qnod

386 639 476 704 Plato
508 639 542 702 iu
558 637 750 736 ⁰Republica
778 638 819 700 de
847 635 953 702 mrdtis
983 638 1082 701 rebus
1102 633 1251 720 'politicis
1279 655 1344 700 non
1374 631 1569 700 disseruerit

391 742 434 808 Ti
463 743 515 822 δὲ,
549 737 574 806 ὠ
606 736 689 830 πρὸς
720 739 828 820 θεῶν,
864 739 964 830 ἔφην,
999 735 1078 805 τάδε
1106 735 1149 810 τὰ
1181 733 1332 825 ’ἀγοραῖα
1361 736 1571 824 ξαμβολαέων

385 867 421 912 τε
456 847 531 934 πέρι
566 838 635 910 κατ’
674 839 800 933 ἀγορὰν
812 891 821 923 ,
868 843 1002 910 ἕκαστοι
1037 835 1061 907 ἀ
1096 839 1179 931 πρὸς
1216 835 1381 921 ἀλλήλους
1423 835 1571 927 ξαμβάλ-
1644 893 1645 896 ,

386 950 517 1026 λουσιν,
549 943 580 1014 εἰ
604 949 640 1013 δὲ
661 941 789 1032 βούλει,
819 949 875 1011 καὶ
900 946 1144 1034 χειροτεχνικῶν
1172 946 1247 1034 πέρι
1275 943 1484 1029 ξυμβολαὶων
1515 947 1573 1009 καὶ

385 1049 561 1136 λοιδοριῶν
587 1055 644 1116 καλ
665 1045 778 1126 αἰκίας
798 1053 861 1114 καλ
876 1049 975 1114 δικῶν
995 1043 1113 1128 λήξεως
1135 1052 1191 1114 καὶ
1213 1047 1377 1114 δικαστῶν
1398 1041 1572 1113 καταστὰ-

387 1175 478 1234 οεως,
500 1158 557 1220 καὶ
578 1154 613 1220 εἴ
626 1153 691 1220 τιον
712 1154 812 1219 τελῶν
833 1175 918 1230 τινες
938 1148 960 1232 ἢ
981 1147 1113 1241 πράξεις
1127 1147 1148 1232 ἢ
1162 1153 1278 1228 θέσεις
1296 1145 1472 1236 ἀναγκαῖοί
1488 1146 1572 1216 εἰσιν

384 1252 407 1339 ἢ
429 1252 498 1323 κατ’
523 1252 650 1344 ἀγορὰς
670 1253 691 1337 ἢ
712 1259 856 1343 λιμένας,
878 1251 900 1336 ἢ
921 1259 977 1320 καὶ
998 1251 1037 1320 τὰ
1058 1249 1217 1342 παρὰπαν
1231 1249 1461 1346 ἀγορανομικὰ
1483 1249 1571 1319 ἀπα

384 1357 406 1442 ἢ
429 1355 636 1446 ἀστυνομικὰ
658 1355 679 1440 ἢ
701 1355 885 1444 ἐλλιμενικὰ
906 1355 927 1439 ἢ
949 1349 1014 1424 ὅσα
1037 1355 1310 1438 ἄλλατοιαῦτα,
1338 1351 1466 1424 τούτοιν
1494 1360 1572 1422 σολ-

386 1459 535 1551 μὴσομὲν
557 1487 590 1530 τι
611 1466 828 1550 νομοθετεῑνς
853 1457 942 1528 Ἀλλ’
967 1457 1027 1527 οὐκ
1048 1457 1154 1542 ἀξιον,
1184 1459 1263 1554 ἔφη,
1291 1455 1433 1547 ἀνδράοι
1455 1463 1573 1537 καλοῖς

387 1561 561 1654 κάγαθοῖς
596 1561 796 1632 ἐπιτάττειν·
823 1561 877 1630 ’τὰ
905 1561 1014 1632 πολλὰ
1045 1561 1108 1653 γὰρ
1138 1559 1263 1641 αὐτὰν,
1298 1555 1363 1630 ὅσα
1392 1566 1445 1630 tat
1469 1587 1572 1650 νομο-

387 1667 633 1753 θετήσασθαι,
655 1670 777 1761 ῥαδίως
797 1693 862 1736 πον
884 1663 1078 1756 εὑρήσουσι.Ι
1115 1671 1195 1748 Nat,
1217 1655 1242 1734 ὦ
1265 1668 1357 1757 (μέλε,
1372 1657 1492 1747 εἶπον,
1515 1661 1573 1733 ἐὰν

387 1797 423 1861 με
445 1770 531 1851 θεὸς
552 1769 667 1851 αὐτοῖς
689 1773 771 1863 διδῷ
793 1777 957 1860 σωτηρὲαν
978 1770 1042 1838 τῶν
1062 1765 1182 1857 νόμον,
1204 1760 1248 1836 ὧν
1269 1770 1464 1860 {marceo
1478 1765 1572 1850 διήλ-

387 1882 508 1964 θομεν.
554 1878 602 1943 cf.
625 1897 656 1962 p.
679 1879 759 1952 425,
787 1877 823 1940 G.
868 1879 948 1940 Nam
969 1874 1002 1939 id
1023 1872 1085 1940 nisi
1104 1871 1178 1950 fiat,
1213 1876 1312 1939 multa
1334 1875 1492 1940 eiusmodi
1513 1894 1573 1960 per

388 2001 516 2048 omnem
537 1983 635 2046 vitam
657 1988 689 2044 et
710 1981 795 2044 ferre
813 1986 850 2044 et
870 1981 1050 2063 corrigere,
1074 1984 1237 2064 sperantes
1258 1977 1292 2041 id
1304 1997 1348 2042 se
1370 1985 1572 2044 assecuturos

388 2105 458 2150 esse
488 2085 576 2168 quod
601 2085 755 2168 optimum
783 2084 842 2158 sit,
877 2084 934 2146 sed
961 2084 1071 2146 vivere
1100 2101 1157 2146 eos
1184 2084 1453 2167 quemadmodum
1482 2083 1572 2166 aegri
1644 2091 1645 2096 ’

388 2190 527 2263 soleant,
562 2187 618 2272 qui
646 2195 779 2272 propter
806 2185 972 2267 libidinem
1004 2185 1119 2252 malam
1149 2186 1276 2253 vivendi
1305 2190 1572 2254 consuetudinem

387 2290 571 2376 relinquere
592 2288 705 2354 nolint.
751 2293 814 2356 Eas
834 2289 1072 2356 medicamentis
1092 2289 1278 2356 adhibendis
1298 2291 1378 2356 nibil
1398 2289 1570 2375 prolicere,

389 2397 446 2461 sed
467 2393 565 2460 multo
587 2392 695 2477 plures
717 2395 907 2460 etmaiores
928 2397 1058 2459 morbos
1079 2396 1225 2470 reddere,
1248 2415 1374 2482 semper
1394 2403 1571 2480 sperantes,
1644 2425 1645 2472 3

388 2499 416 2564 si
439 2500 510 2584 qnis
530 2499 797 2564 medicamentum
818 2496 946 2582 aliquod
973 2501 1190 2579 commendet,
1220 2520 1254 2564 se
1274 2517 1323 2564 'eo
1352 2497 1572 2564 valetudinem
1644 2495 1645 2526 ³

388 2593 633 2685 recuperaturos
665 2621 746 2666 esse.
801 2601 939 2668 Eosdem
965 2601 1218 2668 inimicissimum
1248 2611 1359 2688 putare
1386 2623 1477 2680 eum,
1517 2603 1572 2688 qui

387 2727 465 2772 vcra
482 2706 561 2789 ipsis
575 2706 667 2780 dicat,
690 2707 785 2790 qnod,
801 2713 970 2790 antequam
984 2708 1129 2772 desinant
1142 2705 1298 2783 ebrietati,
1324 2705 1425 2792 gulae,
1448 2709 1571 2782 veneri,

387 2811 520 2874 inertiae
542 2806 724 2892 indulgere,
755 2829 858 2894 neque
879 2811 1124 2887 medicamenta,
1146 2831 1251 2897 neque
1272 2810 1431 2887 ustiones,
1462 2831 1570 2896 neque

388 2911 582 2987 incisiones,
594 2932 700 2995 neque
721 2910 950 2978 incantationes
971 2933 1075 2998 neque
1098 2917 1272 3000 quidquam
1293 2916 1477 2980 huiusmodi
1498 2914 1571 2980 usui

388 3015 530 3088 futurum
551 3016 603 3081 sit.
649 3018 737 3080 Idem
759 3017 904 3082 accidere
926 3019 1104 3083 civitatibus
1118 3037 1199 3103 quae
1214 3018 1471 3095 retentoribus,
1496 3039 1571 3102 pro-
1644 3043 1645 3088 t

388 3123 494 3206 posita
514 3119 625 3204 capitis
646 3138 769 3202 poena,
803 3116 863 3201 τὴν
890 3129 949 3206 μὲν
970 3117 1176 3190 κατάστασιν
1197 3122 1255 3203 τῆς
1276 3117 1400 3199 πόλεως
1422 3113 1503 3203 ὅλην
1524 3118 1569 3208 μὴ

389 3230 499 3304 κινεῖν,
522 3244 578 3288 eos
600 3231 719 3298 autem,
741 3222 807 3309 qni,
833 3232 957 3290 serrato
979 3227 1136 3310 praesenti
1156 3226 1350 3311 reipublicae
1375 3232 1468 3302 statu,
1492 3226 1569 3310 ipsis

389 3326 575 3394 suavissima
595 3329 719 3392 ratione
741 3328 898 3405 serviant,
933 3331 1149 3413 obsequantur
1170 3335 1388 3395 succurrentes
1409 3335 1442 3392 ct
1461 3331 1571 3414 provi·

389 3434 501 3497 dentes
527 3433 670 3517 ipsorum
697 3430 893 3509 voluntates,
927 3431 1083 3518 peritique
1105 3434 1168 3497 sint
1185 3453 1242 3499 eas
1265 3434 1433 3516 explendi,
1465 3435 1569 3498 bonos
1644 3467 1645 3490 r

388 3537 476 3603 viros
497 3537 635 3600 habeant
656 3541 688 3608 et
707 3537 879 3620 prudentes
907 3556 1013 3608 rerum
1033 3539 1244 3602 maximarum
1261 3539 1426 3603 ethonore
1441 3537 1566 3620 dignos.

388 3643 469 3705 Nam
491 3660 602 3706 eorum
623 3637 841 3708 fortitudinem
864 3647 895 3704 et
916 3633 1098 3706 facilitatem
1121 3661 1192 3705 csse
1214 3660 1323 3706 amore
1346 3640 1489 3723 dignam,
1515 3640 1568 3724 qni

388 3742 546 3808 eiusmodi
578 3741 719 3808 civitates
750 3761 862 3808 curare
894 3745 994 3808 velint
1026 3751 1058 3809 et
1090 3747 1193 3827 parati
1222 3744 1301 3823 sint;
1338 3745 1567 3828 ignoscendum

389 3849 484 3915 etiam
504 3845 556 3924 iis,
580 3844 646 3932 qui,
670 3866 690 3910 a
711 3846 912 3910 multitudine
933 3848 968 3910 in
990 3867 1134 3913 errorem
1155 3846 1292 3923 inducti,
1317 3869 1351 3912 se
1372 3845 1567 3930 reipublicae

389 3953 549 4035 regendae
580 3952 702 4034 peritos
734 3968 806 4014 esse
839 3955 960 4032 putent,
1016 3953 1095 4017 Nam
1124 3949 1196 4016 fieri
1223 3971 1288 4016 non
1315 3957 1471 4034 possent
1499 3949 1566 4034 quis

389 4054 543 4119 metiendi
562 4054 705 4137 ignarus,
728 4054 755 4118 si
776 4051 867 4118 multi
889 4055 942 4118 alii
963 4051 1024 4139 ipsi
1046 4054 1162 4130 dicant,
1187 4056 1273 4138 quod
1295 4060 1431 4139 quatuor
1446 4052 1569 4119 cubitos

388 4155 503 4244 longus
524 4157 582 4234 sit,
598 4154 667 4220 ‘boc
689 4159 728 4222 de
752 4176 787 4221 se
808 4176 874 4223 non
895 4158 1013 4222 credat
1055 4158 1113 4222 His
1133 4155 1230 4242 igitur
1244 4156 1472 4242 ignoscendum
1486 4177 1564 4233 esse,
1644 4239 1645 4248 ἵ

390 4281 461 4330 esse
492 4259 581 4328 enim
614 4258 818 4328 suavissimos
850 4261 1009 4340 omnium,
1046 4247 1309 4348 νομοθετοῦντες
1337 4287 1372 4330 τι
1402 4253 1458 4329 οἷα
1492 4257 1565 4353 tipo
1644 4275 1645 4294 ¹
