3296 5232
556 347 788 421 etit-

80 511 187 597 magis
214 505 439 596 psycbqlogica
460 505 639 577 describere
660 507 724 574 iter
742 507 821 578 illud
841 505 978 584 hominis
997 504 1037 577 ad
1057 504 1146 586 vitia,
1177 503 1264 596 quod

81 599 174 680 certe
202 610 343 678 facturus
366 613 476 678 fuisset
500 611 527 676 si
551 613 631 677 ratio
661 614 762 678 ethica
787 610 820 676 in
844 614 894 676 his
917 618 1037 678 tantum
1064 609 1263 698 praevaleret

81 737 182 802 qnam
216 715 324 780 volunt
358 709 570 800 interpretes(
606 714 920 790 Sedexaminemns
957 714 1051 780 etiam
1084 713 1263 798 diligentins

81 817 217 905 singula
236 839 318 904 quae
343 818 450 904 posuit
471 819 639 885 Heuadins.
686 819 719 882 Si
746 817 939 902 «cupiditate
961 818 1080 904 gloriae
1103 825 1134 882 et
1155 824 1264 884 aucto-

80 921 189 994 ritatis
215 922 335 992 animus
358 921 508 1008 proclivis
527 926 570 988 ad
591 907 727 988 oscinemx
743 925 930 1005 pravitatem
955 919 1026 1000 fito,
1060 921 1145 1008 quod
1167 941 1263 1004 saepe

81 1026 192 1094 locum
218 1029 336 1098 babere
366 1024 590 1102 concedimus,
622 1047 686 1094 uon
714 1045 856 1111 semper;
878 1027 919 1110 ¹si
949 1027 1017 1092 aad
1037 1027 1114 1090 ,auri
1142 1044 1263 1109 sacram

81 1133 204 1196 samem
234 1129 468 1207 convertitur»,
501 1133 587 1214 quod
612 1148 652 1196 ex
678 1129 811 1194 civitatis
841 1128 1053 1199 timocraticae
1082 1128 1116 1194 in
1149 1128 1264 1214 eligar-

82 1233 189 1302 cbiam
215 1234 421 1300 conversione
449 1239 559 1318 patere
590 1231 749 1318 Heusdius
780 1240 887 1319 putat,
926 1252 1003 1303 non,
1019 1233 1116 1318 igitur
1140 1232 1263 1298 ratione

81 1336 326 1424 psychologica,
358 1356 455 1422 mum
483 1334 601 1420 gloriae
623 1337 730 1420 cupidi
753 1344 956 1402 contemnere
978 1335 1263 1420 soleant-divitias,

82 1439 125 1506 cl.
148 1442 229 1507 Hor.
253 1447 310 1506 sat.
331 1441 373 1516 11,
397 1442 429 1514 3,
456 1440 659 1516 171-186.;
683 1441 710 1502 si
734 1437 888 1528 defficitur
903 1438 1007 1517 simul,
1029 1447 1065 1516 ut
1085 1421 1158 1507 binc
1173 1441 1264 1518 daim

84 1565 162 1628 ceps
186 1542 219 1607 in
243 1543 372 1608 bomine
394 1540 515 1608 nullum
538 1563 603 1608 non
629 1541 834 1628 cupiditatum
859 1563 963 1628 genus
981 1545 1145 1618 excitetur,
1170 1541 1263 1630 isque

82 1645 213 1716 tandem
236 1647 322 1712 omni
343 1653 450 1734 spreta
470 1645 602 1719 rationis
627 1644 831 1720 auctoritate,
861 1666 921 1713 nec
947 1645 1119 1735 quidquam
1144 1645 1264 1716 habena

84 1751 118 1820 ἐν
141 1751 186 1842 τῷ
207 1751 387 1835 θυμοειδεῖ
403 1747 566 1832 praesidii,
595 1755 679 1814 totus
708 1769 726 1816 a
745 1747 985 1836 cupiditatibus,
1019 1759 1052 1816 et
1075 1749 1265 1836 pervicacis·

84 1855 173 1923 simis
204 1853 332 1939 quidem
359 1851 421 1918 illis
449 1874 486 1920 ac
510 1872 642 1938 prorsus
671 1851 840 1931 effrenatis,
869 1855 1006 1940 pendeat
1033 1873 1069 1918 ac
1093 1861 1263 1937 rogatur»,

85 1977 184 2044 quum
206 1966 312 2028 tamen
330 1958 418 2022 avari
438 1954 517 2025 nihil
540 1953 601 2024 sibi
623 1954 786 2042 indulgere
808 1955 945 2032 soleant,
972 1955 1012 2021 cs.
1037 1957 1116 2027 Hor.
1139 1963 1196 2024 sat.
1218 1957 1262 2034 Π,

85 2065 124 2140 3,
157 2062 208 2126 82.
230 2081 298 2146 sqq.
312 2059 399 2145 tbi,
430 2080 500 2146 sqq.
524 2061 555 2135 1,
589 2063 625 2136 1,
655 2063 697 2130 30
720 2081 802 2146 sqq„
824 2096 866 2108 -
887 2081 993 2132 noune
1014 2061 1196 2148 pervenisse
1218 2061 1264 2132 ita

84 2163 148 2230 iam
184 2165 224 2231 ad
261 2169 438 2231 extremum
465 2161 804 2236 vitiorum'bominem
827 2163 938 2244 videat
983 2165 1067 2242 Quid
1091 2184 1168 2240 vero
1196 2151 1264 2232 tum

86 2287 165 2352 opus
188 2274 258 2334 erat
279 2269 462 2334 describere
485 2269 587 2332 adbuc
611 2269 857 2333 democraticum
880 2276 911 2333 et
927 2265 1262 2356 tyrannicumvirumi

85 2370 111 2436 si
138 2376 260 2434 tantum
282 2391 388 2436 mores
413 2371 447 2434 in
472 2368 520 2436 his
541 2378 698 2458 spectaret
720 2373 830 2436 Platot
874 2370 997 2456 Ubique
1019 2371 1114 2456 igitur
1130 2373 1264 2437 haerent

84 2479 290 2558 interpretes,
316 2473 342 2538 si
364 2473 497 2542 ethicam
519 2475 551 2538 in
576 2477 625 2546 his
649 2473 802 2540 rationem
827 2477 998 2580 praecippe
1024 2481 1167 2543 secutum
1193 2496 1263 2544 esse

84 2577 247 2655 Platonem
274 2583 402 2646 statuas,
767 2588 771 2598 ¹
929 2609 933 2618 ·

538 2828 725 2896 SEG'HO
757 2830 832 2892 Π.

170 3003 388 3070 Democratiae
416 3002 506 3087 origo
537 3008 570 3067 et
596 3012 707 3072 natura
729 3000 918 3074 describitur
939 3023 971 3090 p.
995 3007 1076 3080 555,
1106 3008 1141 3076 Β.
1162 3041 1205 3060 ·-
1225 3026 1261 3094 p.

81 3108 163 3180 559,
193 3105 226 3170 C.
250 3107 296 3170 st.
342 3108 481 3172 Socratis
509 3108 548 3171 de
576 3107 635 3170 bac
660 3126 696 3170 re
717 3103 860 3172 habitum
882 3127 1060 3175 sermonem
1083 3117 1118 3179 ut
1138 3111 1189 3176 bic
1212 3130 1261 3174 re-

81 3216 228 3296 petamus
248 3210 462 3276 necessarium
483 3227 549 3276 non
571 3216 628 3282 est,
652 3232 748 3294 quum
764 3212 825 3293 ipsi
839 3210 861 3276 ii
878 3212 931 3296 qui
946 3232 964 3276 a
979 3214 1260 3280 nostradiversam

82 3311 535 3398 senteutiamamplectuntur,
558 3333 622 3380 uon
644 3312 746 3378 solnm
767 3312 807 3378 ad
830 3313 986 3381 civitatem
1000 3313 1052 3380 hio
1067 3318 1261 3400 omniaper-

81 3415 196 3490 tinere,
217 3417 285 3491 sed,
309 3414 336 3479 si
356 3414 490 3481 civitatis
512 3413 614 3490 solum
635 3436 729 3482 causa
751 3419 867 3503 scripta
888 3425 1002 3496 esseut,
1025 3417 1137 3488 melius
1151 3415 1280 3506 perlici'

81 3540 149 3585 non
175 3518 332 3604 potuisse,
366 3521 542 3601 concedere
571 3528 734 3603 cogantur.
780 3519 826 3586 Cf.
855 3542 916 3586 van
943 3521 1119 3586 Heusdinm
1142 3524 1162 3587 l.
1186 3521 1207 3587 l.
1228 3543 1262 3606 p.

83 3623 156 3691 15t.
178 3621 223 3686 ita
245 3620 284 3689 de
307 3620 460 3687 hocloco
482 3619 687 3688 iudicantem:
714 3623 786 3688 «Sit
807 3645 882 3688 sane
904 3623 956 3702 ita,
979 3623 1087 3707 prouti
1102 3623 1258 3691 diximus:

81 3727 233 3808 bominem
253 3726 286 3790 in
308 3721 581 3809 disquisitionibus
601 3728 686 3791 bisce
704 3724 823 3810 magis,
856 3748 950 3814 quam
973 3730 1122 3794 civitatem
1146 3748 1262 3813 resque

82 3828 193 3894 civiles
213 3828 430 3914 exploraverit
453 3825 679 3912 philosophus:
704 3837 929 3910 verumtamen,
952 3835 1037 3915 quod
1056 3834 1137 3896 hanc
1151 3831 1261 3898 attinet

82 3931 274 4015 eligarcbiae
296 3931 330 3996 in
353 3935 575 4014 democratiam
601 3934 854 4009 conversionem,
879 3936 997 4000 etiamsi
1014 3936 1071 4000 boc
1089 3954 1184 4000 oecon
1205 3939 1261 4002 ba-

81 4037 193 4102 buisset
217 4036 393 4112 consilium,
425 4044 458 4098 ot
484 4055 550 4100 aem
574 4037 786 4102 e.oerissimoe
806 4039 949 4120 politicae
969 4023 1134 4122 principiis
1155 4041 1261 4105 ιιάιιηο-

81 4141 195 4212 droret,
218 4157 283 4205 rem
298 4157 371 4204 sone
383 4141 525 4220 perficere
545 4142 718 4204 accuratius
739 4159 800 4204 acc
811 4143 967 4222 potuisset.
978 4162 1006 4218 n,
1039 4143 1140 4210 linum
1154 4151 1260 4211 tamen
1313 4187 1315 4194 ι

81 4240 198 4318 locum,
226 4241 281 4326 qui
304 4259 336 4330 p.
361 4243 432 4310 557.
453 4245 491 4308 D.
522 4244 565 4310 St.
591 4241 708 4332 legitur
732 4242 783 4314 bic
806 4247 922 4314 afferre
945 4242 1057 4316 liceat:
1089 4247 1160 4314 Kal
1187 4243 1258 4313 ,ἔστι
