3298 5232
553 363 783 430 „230-

68 515 171 594 blica,
202 517 322 605 quinti,
356 521 437 588 sexti
463 521 653 606 septimique
678 519 755 588 libri
779 529 998 608 argumentum
1022 520 1056 586 in
1075 517 1257 608 Republica

71 625 198 688 versari
223 624 378 710 sequitur,
403 629 443 690 ad
467 623 526 690 bos
549 625 633 690 enim
654 625 754 690 libros
774 621 976 692 λιεεενετλια
1000 626 1169 711 pertinent,
1196 627 1254 689 ho-

68 745 145 794 rum
167 725 324 794 librorum
340 735 575 814 argumentum
596 727 687 794 initio
711 727 912 796 octavilibni
933 729 966 804 in
989 727 1177 794 memoriam
1200 747 1254 792 re-

66 827 216 897 vocatur.
263 837 342 897 Tum
367 853 446 898 voro
473 831 509 913 si
526 833 569 896 ita
593 829 787 910 disserebat,
815 833 905 917 qnasi
926 849 1105 900 sermonem
1131 832 1172 896 de
1192 833 1254 896 Re·

65 934 198 1022 publica
222 933 391 1012 linivisset,
427 934 570 1022 seqnitur
597 937 727 1001 secundi
754 935 842 1000 tertii
867 935 1036 1020 quartique
1059 933 1135 1000 libri
1158 955 1254 1018 argu-

64 1048 214 1106 mentnm
252 1042 286 1105 in
326 1039 498 1125 Republica
533 1039 665 1108 versari.
721 1043 799 1104 llam
833 1059 933 1126 ‘quaa‘
951 1039 1055 1106 hio-a
1089 1041 1252 1130 Glaucone

64 1142 288 1228 respiciuntur
311 1146 422 1219 verba,
454 1162 491 1208 ea
513 1141 615 1227 quinti
636 1140 711 1208 libri
731 1141 819 1208 initio
842 1143 1000 1230 leguntur.
1045 1142 1093 1211 ‚Gt
1119 1161 1150 1228 p.
1174 1140 1248 1206 tto.

64 1245 130 1324 iu.;
162 1268 196 1330 p.
221 1247 298 1322 tto,
324 1250 364 1312 λ).
387 1254 420 1312 et
440 1246 612 1330 praecipue
634 1266 665 1332 p.
689 1247 766 1322 ibo,
793 1251 830 1312 Α.
876 1248 983 1324 Quum
1008 1247 1093 1312 euim
1121 1243 1252 1312 secundi

63 1347 146 1415 libri
174 1372 208 1434 p.
240 1351 314 1415 368.
347 1354 387 1415 de
415 1347 587 1436 Republica
618 1349 723 1416 dicare
752 1351 911 1436 eoeperit,
947 1357 979 1414 at
1003 1347 1158 1416 sermonis
1182 1347 1252 1412 eius

63 1452 165 1518 finem
186 1451 347 1537 putaverit
368 1451 509 1518 futurum
534 1451 624 1518 finito
647 1461 760 1540 quarto
780 1451 875 1533 libro,
905 1457 1011 1520 omnin
1033 1474 1115 1538 quaa
1135 1450 1209 1518 inde
1231 1471 1251 1516 a

65 1556 200 1622 secundi
222 1555 296 1621 libri
322 1557 394 1628 louo
424 1555 549 1622 laudato
572 1577 673 1642 nsque
699 1561 738 1622 ad
766 1558 910 1642 quintum
940 1559 1097 1643 disputata
1119 1563 1191 1622 sunt
1215 1554 1250 1620 in

63 1657 241 1746 Republica
270 1659 392 1726 versari
420 1662 571 1744 sequitur.
614 1658 704 1724 Idam
728 1661 813 1744 quod
840 1663 938 1728 modo
964 1659 1249 1727 demonstravimus

67 1763 168 1828 etiam
192 1760 328 1828 ellioitur
357 1783 397 1828 ex
421 1763 461 1830 iis
485 1763 561 1828 libri
585 1763 686 1848 quinti
711 1763 789 1828 loeis
815 1784 896 1849 quos
921 1767 1018 1832 modo
1039 1762 1246 1829 laudavimus.

63 1870 148 1932 Nam
165 1869 205 1932 de
226 1887 265 1933 ea
280 1868 436 1948 sermonis
454 1874 553 1952 parto,
576 1887 671 1953 quam
685 1865 768 1932 libro
783 1875 898 1934 octavo
913 1866 1076 1934 continuat
1092 1869 1246 1941 Socratas,

62 1970 255 2036 Adimantus
275 1969 326 2036 bis
346 1970 446 2036 utitur
474 1968 596 2036 verbis:
622 1971 680 2044 νῦν
700 1958 762 2037 οὖν
783 1966 892 2051 ἐπειδὴ
914 1965 1018 2052 ἄλλης
1040 1963 1247 2062 ἐπιλαμβάνῃ
1338 1975 1341 1984 “

63 2073 244 2151 πολιτείας.
288 2073 336 2137 of.
361 2073 455 2138 etiam
484 2073 529 2144 in.
554 2071 629 2138 libri
658 2069 768 2160 quinti.
811 2077 859 2139 lla
888 2093 926 2140 ea
954 2080 1059 2138 eutem
1090 2073 1245 2139 sermonis
1305 2109 1308 2117 ·

62 2183 156 2263 parte
179 2197 261 2261 qnae
279 2176 363 2246 libro
384 2177 421 2242 V.
443 2167 495 2242 Vl.
518 2178 586 2244 Vll.
607 2176 690 2242 inest
711 2180 857 2245 Socrates
878 2179 948 2264 ipse
977 2177 1025 2242 ita
1046 2175 1139 2242 dioit:
1168 2166 1246 2243 Οἶον

64 2275 276 2367 εἰργάσασθε
298 2273 530 2366 ἐπιλαβόμενοί
551 2305 635 2366 μον.Δ
654 2271 734 2346 ὅσον
755 2277 857 2366 λόγον
877 2276 980 2348 πάλιν
1001 2271 1109 2369 ὥσπερ
1131 2279 1165 2360 ἐξ
1185 2272 1246 2365 ἆρ-

60 2385 123 2471 χῆς
152 2387 267 2450 κινεῖτε
294 2389 368 2474 περὶ
395 2384 455 2465 τῆς
481 2383 661 2461 πολιτείας·
691 2377 732 2464 ἣν
761 2378 804 2476 ὡς
832 2380 895 2465 ἤδη
917 2380 1125 2465 διεληλυθὼς
1146 2381 1245 2467 ἔμοιγε

63 2487 208 2574 ἔχαιρον,
225 2480 376 2572 ἀγαπῶν,
399 2488 430 2554 εἴ
448 2511 506 2564 τιςι
520 2482 613 2554 εὀίσοι
635 2487 741 2554 ταῦτα
764 2481 807 2564 ὡς
829 2481 904 2554 τότε
926 2482 1069 2578 ε’ῤῥήθη.
1093 2485 1245 2552 inuitam

63 2589 178 2675 priora
201 2591 236 2654 in
261 2588 433 2674 Republica
454 2597 578 2656 versata
601 2610 670 2664 esso
691 2589 843 2657 indicans.
867 2639 871 2648 .

149 2697 186 2760 ln
214 2695 253 2758 iis
274 2713 355 2760 vero
380 2715 473 2780 quaes
489 2693 797 2760 Schloiarmacberns
821 2695 863 2758 ad
891 2696 1004 2759 verba:
1034 2697 1090 2760 καὶ
1119 2695 1244 2768 ταῦτα,

62 2793 107 2876 ὡς
130 2797 251 2877 ἔοικας,
273 2797 394 2862 καλλίω
417 2796 466 2864 ἔτι
487 2796 566 2886 ἔχων
580 2793 680 2864 εἰπεῖν
692 2791 790 2869 πόλιν
804 2821 838 2863 τε
854 2801 910 2863 καὶ
921 2793 1039 2884 ἄνδρα,
1061 2799 1240 2864 adnotavit:

64 2901 170 2966 «Was
190 2903 267 2966 aber
287 2899 433 2967 Glaukon
454 2908 532 2986 sagi,
554 2903 703 2967 Solinates
721 2903 804 2976 babo
828 2899 919 2966 (labei
942 2904 997 2966 das
1020 2905 1166 2968 llnsehon
1187 2923 1243 2986 ge·

61 3003 158 3082 habt,
187 3003 234 3070 ala
258 3002 342 3070 babo
363 3025 400 3068 er
420 3009 503 3070 noch
527 3004 621 3070 einen
644 3002 858 3070 trelllioberen
882 3008 968 3070 Staat
992 3004 1058 3070 und
1077 3007 1173 3071 Manu
1197 3006 1244 3072 im

61 3107 231 3182 Riiolrbalt,
254 3111 357 3175 davon
374 3106 472 3174 liudat
486 3107 552 3174 siob
567 3108 601 3173 in
615 3110 710 3193 jener
721 3107 818 3174 Stella
834 3102 888 3192 (im
903 3109 1029 3194 Aufang
1044 3110 1100 3174 dea
1115 3109 1241 3175 finften

59 3215 201 3292 Boebes)
223 3210 447 3279 ansdriiolrlich
468 3210 582 3285 niobts,
604 3215 638 3296 ja
660 3216 741 3276 auch
763 3211 850 3278 niobt
871 3210 986 3278 einmal
1008 3210 1079 3296 aine
1098 3210 1241 3278 einzelne

59 3318 267 3401 Aeussernnq
287 3313 344 3383 deo
369 3317 527 3391 Sokratou
551 3315 670 3381 welche
690 3314 924 3401 Vernulasounq
939 3318 1022 3399 gilhe
1043 3314 1147 3382 λλοεεε
1168 3314 1241 3382 dar·

59 3441 120 3484 aus
143 3440 183 3485 zu
209 3418 389 3495 sohliesson,
408 3439 673 3504 -ausgenommen,
698 3439 764 3488 was
789 3419 892 3504 gleiob
915 3417 1056 3503 Auluugs
1081 3439 1146 3486 von
1167 3417 1239 3485 dom

60 3525 151 3589 Stant
171 3526 255 3588 ohne
280 3523 341 3588 alle
369 3518 479 3612 τρυφὴ
502 3530 610 3608 gesagt
630 3544 735 3591 war.»
765 3543 879 3607 parum
901 3542 1025 3588 memor
1045 3521 1105 3588 fuit
1125 3542 1239 3589 eorum

59 3647 144 3712 quae
166 3625 249 3690 libro
262 3627 516 3710 tertiovpsill.
538 3632 574 3693 A.
597 3623 733 3710 τοιαύτη
755 3651 823 3705 τις,
847 3614 886 3709 ἦν
908 3623 939 3694 ‹l'
965 3624 1036 3714 ἐγὼ,
1059 3631 1153 3716 δοκεῖ
1167 3652 1237 3714 μοι,

59 3718 86 3795 ὦ
109 3733 140 3796 Ι
139 3724 284 3811 λαύκαν,
309 3726 329 3812 ἡ
359 3727 475 3816 ἐκλογὴ
502 3721 587 3797 εἶναι
615 3734 670 3798 καὶ
699 3725 903 3815 κατάστασις
929 3731 994 3797 τῶν
1015 3725 1182 3822 ἀρχόντων
1203 3755 1238 3797 τε

58 3836 118 3898 καλ
140 3827 307 3925 φυλάκων,
330 3827 373 3910 ὡς
394 3837 428 3900 ἐν
442 3829 542 3926 τύπῳ,
563 3829 609 3918 μὴ
632 3830 670 3902 δι’
695 3830 864 3926 ἀκριβείας
878 3830 1054 3926 εἰρῆσθαι.
1070 3841 1102 3900 ελ
1116 3855 1147 3921 p.
1163 3834 1236 3909 llo,

56 3939 96 4005 Β.
146 3931 275 4004 Οὐκοῦν
303 3931 363 4018 τὴν
394 3937 548 4024 μεγίστην
580 3939 639 4019 τῆς
665 3934 838 4025 citatorias
865 3941 1166 4028 παρεσκευασμένοι
1195 3933 1237 4004 ἂν

58 4029 138 4119 εἶεν,
168 4035 199 4105 εἰ
222 4039 269 4131 τῷ
292 4035 363 4106 ὄντι
384 4042 497 4118 καλῶς,
511 4043 760 4127 πεπαιδευμένοι
775 4036 869 4119 εἰσίν;
900 4035 1007 4108 'Alte
1026 4037 1092 4129 μὴν
1113 4037 1175 4110 είσί
1195 4034 1237 4126 μ’,

57 4141 139 4234 ἔφη.
185 4144 255 4234 Καὶ
283 4138 373 4232 i'ywy'
403 4134 505 4212 εἶπον·
534 4144 633 4224 τοῦτο
660 4150 721 4232 μὲν
748 4139 807 4218 οὐκ
836 4139 929 4224 ἄξιον
950 4145 1218 4235 διισχυρίζεσθαι
1225 4193 1235 4224 ,

58 4233 85 4312 ὦ
108 4246 184 4338 φίλε
205 4242 373 4332 Γλαύκων·
391 4241 418 4314 ‘0¹'
430 4250 543 4336 μέντοι
564 4243 642 4340 ἄρτι
663 4249 823 4336 ἐλέγομεν,
845 4243 954 4330 ίίξιοκ,Ι
970 4239 1023 4318 ὅτι
1045 4251 1098 4316 δεῖ
1115 4241 1235 4329 αὐτοὺς
