3296 5232
855 387 1086 456 ..555-

385 545 515 632 πρῶτον
530 539 647 624 στάσις
662 543 787 632 ἔμπεσε,
809 550 865 614 καὶ
879 547 991 638 φῶμεν
1008 542 1113 624 αὐτάς
1131 546 1303 636 τραγικῶς,
1326 540 1396 626 ὡς
1387 543 1472 636 πρὸς
1488 551 1567 614 παῖ·

278 635 288 652 ’
385 645 486 728 δας
466 649 554 736 ημάς
574 643 758 729 παιζούσας
778 655 833 716 καί
855 645 1146 772 έρεσχηλούσας,“
1125 677 1167 729 ως
1189 647 1229 730 55
1248 653 1406 746 σπουδῇ
1394 646 1566 736 λεγούσας,

384 747 700 873 ὑψηλολογουμένας
721 755 841 838 λέγεινς
869 754 964 835 Πιῦςς
988 741 1070 820 Ωδὲ
1089 779 1170 831 πως
1216 724 1374 822 Χαλεπὸν
1394 761 1456 840 μὲν
1478 779 1568 835 κινη-

383 856 494 937 θῆναι
523 849 671 923 πόλιν“
642 847 726 922 οάτω
748 854 923 936 ξυστάσαν
953 851 1021 922 ἀλλ’
1047 858 1112 924 ἐπεὶ
1135 859 1294 946 γενομένῳ
1316 862 1415 924 παντὶ
1438 851 1566 949 φθορά

383 959 488 1040 ἐστιν,
510 952 623 1026 οὐδ’
606 985 626 1040 5
648 952 785 1039 τοιαύτη
807 957 1015 1039 ξύστασις
983 983 1041 1028 τον
1062 950 1195 1029 ἅπαντα
1216 966 1308 1047 μενεῖ
1322 955 1455 1050 χρόνον,
1477 955 1566 1026 ἀλλὰ

383 1056 584 1144 λυθήσεται
605 1056 747 1140 λύσιςδὲ
762 1052 826 1143 ιηδε
849 1055 888 1129 05
890 1057 1015 1184 μόνον
1036 1068 1156 1149 φυτοῖς
1177 1064 1322 1149 ἐγγείοις,
1344 1059 1430 1129 ἀλλά
1453 1068 1512 1129 καὶ
1535 1065 1566 1130 ἐν

383 1165 536 1250 ί-πιγείοις
556 1160 652 1248 ζιίοις
674 1161 766 1256 φορά
794 1169 849 1231 και
879 1160 1008 1288 ἀφορία
1038 1166 1150 1258 ψυχῆς
1134 1191 1209 1244 ςτε
1236 1171 1292 1233 καί
1320 1161 1486 1252 σωμάτων
1516 1166 1564 1251 γε’-

380 1292 535 1357 γνονται,
573 1258 656 1334 ὅταν
683 1273 880 1358 περιτροπαι
912 1263 1065 1346 ἑκάστοις
1098 1264 1223 1336 κύκλων
1250 1265 1437 1394 περιφοράς
1467 1263 1565 1350 ξυνά-

379 1395 501 1455 πτωσι,
528 1373 723 1495 βραχυβίοις
743 1378 803 1490 μὲν
823 1365 1105 1496 βραχυπόρρυς,’
1089 1373 1304 1450 εναντίοιςδὲ
1327 1373 1489 1450 ἐναντίας.
1514 1375 1565 1458 γε’-

380 1491 458 1597 ν’ρυς
484 1469 564 1541 5
548 1476 706 1592 νμετέρου
736 1470 884 1560 εὐγονίας
906 1499 939 1541 τε
961 1479 1016 1540 καὶ
1038 1469 1185 1566 ἀφορίας
1206 1475 1321 1565 καίπερ
1345 1471 1436 1552 ὄντες
1460 1481 1565 1565 σοφοὶ

382 1571 440 1656 οῦς
475 1572 638 1664 ἡγεμόνας
671 1573 795 1655 πόλεως
831 1571 1096 1658 ἐπαιδεύσασθε,
1132 1573 1227 1645 οὐδὲν
1194 1579 1382 1664 ἐμάλλον
1412 1579 1565 1694 λογισμφ

379 1676 446 1768 μετ’
478 1677 672 1763 αἰσθήσεως
700 1676 885 1762 τεύξονται,
917 1676 1002 1748 ἀλλά
1023 1675 1177 1771 πάρεισιν
1198 1676 1336 1760 αύτούς,
1364 1686 1420 1748 καί
1449 1677 1564 1767 γεννή-

381 1807 479 1852 σουσι
498 1779 622 1862 παῖδάς
642 1796 721 1852 π’στε
743 1780 781 1850 ού
804 1787 887 1852 δέον.
910 1784 1036 1852 ἔὲστιδ
1058 1783 1144 1876 θείῳ
1164 1791 1224 1872 μὲν
1241 1786 1382 1877 γεννητῷ
1408 1785 1565 1874 περίοδος

380 1881 422 1970 ῆν
449 1883 602 1978 ἀριθμός
629 1882 864 1977 περιλαμβάνει
884 1890 1022 1967 τέλειος,
1050 1853 1250 1978 ἀνθρωπείῳ
1274 1889 1308 1954 ὁὲ
1330 1911 1360 1953 ιι.
1382 1912 1411 1954 τ.
1433 1888 1459 1954 ἑ.
1508 1891 1564 1952 Se·

380 1995 488 2076 quitur
508 1991 562 2057 hic
585 2012 756 2068 numerus,
788 1993 842 2076 qui
863 2001 992 2078 propter
1013 1988 1229 2057 difficultatem
1255 2011 1345 2056 suam
1371 1992 1405 2054 in
1426 2009 1564 2076 prover-

379 2096 470 2160 bium
497 2091 591 2171 abiit,
628 2097 668 2160 de
697 2113 761 2180 quo
787 2095 967 2162 conferatur
994 2097 1153 2160 Excursus
1177 2097 1229 2164 lv.
1274 2096 1354 2160 Tum
1382 2096 1427 2160 ita
1454 2095 1563 2181 pergit

382 2198 547 2264 Socrates:
581 2192 708 2284 ξύμπας
729 2201 764 2264 δὲ
787 2187 884 2275 οὗτος
905 2193 1058 2286 ἀριθμός
1079 2193 1303 2286 γεωμετρικός,
1324 2191 1483 2264 τοιούτου
1507 2192 1563 2264 κύ-

381 2313 464 2426 ριος,
487 2297 665 2430 ἀμεινόνων
686 2325 720 2369 τε
742 2305 797 2368 καὶ
816 2295 972 2392 χειρόνων
986 2303 1146 2419 γενέσεων·
1169 2293 1210 2378 ίίς
1231 2292 1313 2368 ὅταν
1335 2295 1563 2386 ἀγνοήσαντες

380 2401 459 2524 ύμῖν
490 2409 523 2472 οἱ
554 2399 700 2494 φύλακες
729 2405 934 2485 συνοικίζωσι
961 2398 1094 2526 νύμφας
1121 2404 1278 2526 νυμφίοις
1305 2400 1399 2494 παρὰ
1424 2429 1562 2494 καιρον,

380 2503 440 2576 οὐκ
468 2505 599 2630 εὐφυεῖς
626 2503 761 2576 οὐδ”
730 2512 871 2595 εντυχεῖς
896 2506 1054 2585 παῖδες”
1035 2526 1178 2574 εσονται·
1214 2496 1258 2574 ὧν
1287 2501 1562 2590 καταστήσονται

379 2617 440 2700 μὲν
461 2608 539 2691 τούς
559 2607 715 2732 ἀρίστους
737 2615 768 2678 οί
789 2606 960 2702 πρότεροι,
983 2601 1071 2696 ὅμως
1092 2607 1170 2677 δε”
1151 2635 1241 2690 οντες
1258 2606 1461 2692 ἀνάξιοι,
1429 2635 1476 2690 εις
1502 2637 1561 2690 τας

380 2714 445 2784 τῶν
475 2718 625 2832 πατέριον
656 2701 699 2782 αύ
736 2710 887 2802 δυνάμεις
922 2709 1081 2792 ἐλθόντες
1115 2707 1205 2800 ήμῶν
1235 2715 1366 2804 πρῶτον
1398 2709 1560 2803 ἄρξονται

380 2812 511 2937 ἀμελεῖν
538 2811 730 2910 φύλακες”
711 2841 817 2895 οντες,
855 2812 930 2936 παρ’
961 2817 1098 2884 ἔλαττον
1119 2818 1179 2884 τοῦ
1201 2811 1371 2896 δέοντος
1354 2812 1561 2903 ηγησάμενοι

381 2917 422 2988 τά
443 2920 613 3042 μουσικῆς,
642 2914 792 3006 ὸεύτερον
820 2923 854 2987 ὁὲ
884 2917 927 2986 τά
951 2920 1183 3040 γυμναστικῆς
1220 2911 1353 2987 555³
1334 2915 1559 3009 αμουσότεροι

378 3019 574 3112 γενήσονται
594 3017 671 3143 ύμῖν
693 3027 731 3124 οἱΙ
745 3027 821 3092 νέοι.
842 3025 877 3090 ἐκ
898 3025 933 3090 δὲ
957 3019 1082 3090 τούτων
1102 3019 1257 3112 ἀρχοντες
1279 3018 1317 3090 05
1340 3017 1426 3090 πάνυ
1446 3028 1559 3116 φυλο-

379 3133 465 3197 κικοί
487 3113 753 3209 καταστήσοντόιι
780 3123 864 3217 πρὸς
893 3123 931 3193 τό
960 3122 1146 3213 δοκιμάζειν
1174 3121 1217 3192 τά
1245 3119 1407 3194 Ἡσιόδου
1437 3151 1473 3193 τε
1504 3132 1559 3194 καὶ

379 3229 423 3300 τά
443 3226 518 3321 παρ’
542 3225 619 3316 ύμῖν
638 3232 732 3316 γένη,
758 3231 925 3318 χρυσοῦν
921 3254 961 3295 τε
989 3235 1043 3296 και
1066 3225 1231 3319 ἀργυροῦν
1252 3233 1307 3295 καί
1331 3231 1480 3317 χαλκοῦν
1504 3237 1559 3299 καὶ

380 3333 549 3424 σιδηροῦν.
572 3327 658 3460 5505
680 3335 715 3400 δὲ
734 3335 887 3420 μιγέντος
908 3328 1087 3422 σιδήρου’
1068 3327 1200 3452 αργύρφ
1223 3337 1277 3400 καί
1296 3334 1423 3421 χαλκοῦ
1443 3335 1558 3452 χρυσῆ

378 3429 579 3562 άνομριότης
599 3430 805 3523 ἐγγενήσεται
826 3441 882 3502 καὶ
903 3430 1115 3525 ἀνωμαλία’
1096 3432 1320 3525 ανάρμοστος,
1342 3429 1365 3502 ίί
1385 3432 1557 3524 γενόμενα,

380 3531 427 3608 οῦ
457 3536 506 3608 ἀν
538 3541 772 3626 ἐγγένηται,
809 3533 868 3606 ἀεὶ
902 3539 1031 3608 τίκτει
1067 3533 1244 3626 πόλεμον
1276 3544 1343 3634 καί
1379 3539 1555 3630 ἔχθραν.

380 3638 533 3726 ταύτης
555 3666 621 3711 τοι
642 3643 786 3730 γενεάς
804 3638 881 3733 χρῆ
903 3638 1033 3732 φάναι
1056 3632 1161 3712 εἶναι
1183 3636 1352 3762 στάσιν,
1380 3634 1489 3711 ὅπου
1514 3643 1558 3712 ἀν

378 3747 572 3833 γίγνηται
601 3741 676 3815 ἀεί.
720 3747 804 3813 Καὶ
825 3741 1015 3837 ὀρθῶς
988 3773 1028 3868 χ,
1052 3744 1148 3836 ἔφη,
1175 3739 1306 3823 αύτάς
1333 3740 1558 3836 ἀποκρίνε-

380 3852 487 3916 σθαι
508 3845 709 3941 φήσομεν.
754 3851 838 3916 Καὶ
865 3844 958 3970 γάρ,
985 3847 1032 3970 ι’χν
1061 3844 1091 3915 5⁹
1123 3843 1258 3969 &555³
1239 3843 1410 3935 ἀνάγκη,
1438 3849 1556 3918 Mo5·

379 3976 456 4032 σας
477 3977 518 4039 γε
540 3976 677 4032 ουσας
725 3953 765 4021 Τι
786 3938 994 4033 ονν,ηδ
983 3977 1036 4031 ος,
1057 3975 1096 4018 το
1117 3975 1201 4039 μετα
1223 3975 1321 4018 τουτο
1343 3953 1555 4036 λεγουσιν
1522 3981 1556 4020 αι

376 4043 535 4181 Μούσαις
555 4041 773 4137 Στάσεως,
752 4079 793 4138 ην
815 4049 887 4121 5
871 4051 942 4141 εγά,
964 4055 1136 4141 γενομένης
1158 4049 1344 4136 είλκέτην”
1320 4079 1388 4145 αρα
1409 4055 1555 4186 ἑκατέρω

377 4157 423 4228 τά
449 4184 541 4248 γενη,
577 4155 616 4225 τό
644 4165 705 4247 μὲν
687 4157 892 4244 νσιδηροῦν
920 4163 975 4226 καί
983 4155 1189 4246 χαλκοῦν’
1173 4161 1224 4224 επὶ
1242 4154 1476 4281 χρηματισμόν
1499 4165 1555 4228 καὶ

376 4291 436 4350 γις
458 4263 573 4347 κτῆσιν
594 4266 650 4330 καί
673 4258 778 4342 οἰκίας
799 4259 933 4352 χρυσίου
964 4285 997 4330 τε
1023 4265 1079 4329 καί
1107 4253 1268 4354 ἀργύρου,
1302 4256 1397 4330 τόδ’
1420 4247 1486 4348 αὖ,
1517 4261 1553 4332 τὸ
1631 4309 1632 4330 ι
