3312 5238
554 395 790 464 ..esu-

78 562 176 626 stim
202 559 256 624 hie
283 557 454 645 praecipio
483 553 760 640 redebebatur-,1
785 562 821 622 ut
841 553 1261 634 vult'Schleiermeoherns,¹

78 667 118 729 ab
141 666 201 728 hoe
221 661 393 728 temeraria
412 662 535 728 rationo
557 659 719 726 Platonem
740 661 825 724 tauto
848 658 947 745 magis
969 657 1262 743 prohiheue‘de'b'e-

76 765 145 832 hat.
190 769 271 832 Nam
285 765 457 840 Platonem,
478 764 655 830 reverentia
672 762 831 849 opinionis
845 766 1039 828 innumeratae
1052 773 1259 840 eommotum

75 869 222 936 hanode
244 876 380 954 quatuor
400 866 569 936 virtutihus
591 867 767 934 doctrinam
789 867 959 950 recepisse,
981 871 1051 953 quis
1072 869 1178 954 possit
1191 887 1262 933 ore-

76 973 179 1040 dere‘t
209 971 398 1037 *Verendum
414 971 498 1036 enim
520 991 583 1036 non
602 978 690 1044 erat
706 990 759 1048 ue,
784 972 812 1034 si
833 969 908 1057 quid
930 970 964 1036 iu
985 973 1038 1036 his
1056 980 1201 1055 mearet,
1224 973 1263 1036 in

74 1077 165 1161 vulgi
176 1101 178 1110 ’
188 1075 394 1143 offensionem
416 1074 603 1144 insumeret
637 1077 717 1140 Nam
731 1094 841 1145 rerum
856 1077 895 1138 ad
907 1073 1141 1161 philosophiam
1158 1077 1261 1142 solem

74 1179 419 1264 pertinentium-longo
439 1178 500 1244 alia
521 1180 602 1244 ratio
623 1185 671 1243 est
691 1185 791 1262 atoue
807 1197 934 1252 earum,
965 1196 1045 1262 qaae
1067 1177 1107 1244 ad
1128 1178 1262 1266 religio-

75 1303 150 1350 nem
162 1283 333 1367 pertinent.
348 1318 373 1336 ··
390 1286 556 1351 Neereote
567 1281 874 1350 Schleiermaeherus
887 1281 1260 1365 vituperavit‘Platonem

74 1390 107 1452 in
131 1407 187 1464 eo,
210 1389 296 1473 quod
316 1407 430 1470 perum
445 1385 578 1451 differat
598 1406 617 1450 a
638 1387 846 1472 temperantia
866 1384 993 1450 iustitia.
1031 1387 1255 1469 Temperantia

75 1493 252 1567 secumdum
273 1489 434 1556 Platonem
457 1496 506 1556 est
525 1488 671 1578 isanimi
692 1496 806 1564 status,
829 1487 893 1574 qno
908 1487 1109 1572 eupiditates.
1122 1489 1259 1564 rationis·

74 1595 216 1680 imperio
231 1591 402 1658 submotae
424 1599 497 1658 suut
517 1599 757 1678 atqueparent
800 1593 970 1670 Qeodffiita
990 1594 1025 1656 in
1048 1591 1154 1658 auimo
1170 1595 1262 1658 oudo·

75 1708 107 1763 et
136 1687 358 1781 tranquillitas
375 1705 411 1761 et
425 1698 607 1761 eoncordia
630 1694 745 1774 'uultum
778 1695 824 1760 ida
838 1698 878 1760 nd
906 1693 1008 1782 ipsios
1021 1699 1261 1780 temperantiae

74 1801 258 1875 uodonem,
287 1821 307 1866 a
334 1799 482 1887 reliquis&
495 1797 664 1864 uirtutibus
687 1797 956 1883 distinguendam,
986 1819 1061 1865 sane
1082 1819 1147 1865 non
1167 1798 1254 1866 lucit.

73 1909 112 1971 Et
143 1905 290 1987 proiecto
320 1903 458 1968 iustitiae
485 1904 597 1968 eadem
626 1904 675 1968 vis
705 1910 764 1967 est.
809 1907 927 1968 Tamen
949 1923 1026 1968 vero
1050 1902 1261 1970 Sohlelerman

74 2012 195 2074 oliorum
214 2011 295 2081 haue
313 2027 387 2072 uem
407 2006 579 2090 praecipue
600 2007 757 2092 respexit,
779 2025 876 2092 quum
898 2007 942 2072 ita
963 2005 1124 2074 Platonem
1146 2009 1258 2091 repre-

73 2111 242 2178 henderet.
284 2114 324 2176 tt
345 2110 489 2177 'multum
516 2107 666 2176 differunt
696 2112 904 2196 temperantia
933 2119 965 2175 et
982 2108 1122 2186 iustitia,
1158 2111 1258 2196 quum

73 2215 195 2282 iustitia
218 2235 328 2280 omues
348 2213 486 2298 reliquas
508 2214 641 2278 virtutes
659 2215 918 2298 comprehendat,
939 2233 999 2278 noe
1019 2215 1059 2280 ad
1079 2215 1174 2280 unam
1189 2213 1258 2280 tanss

73 2328 143 2385 tum
180 2319 277 2384 animi
308 2326 432 2402 partem
460 2318 632 2402 praecipue
662 2317 837 2404 pertineat,
875 2323 912 2382 nt
935 2315 1080 2402 reliquae
1108 2316 1254 2382 viitntesr

75 2420 172 2501 Quod
197 2421 226 2487 si
251 2424 296 2487 ita
324 2422 357 2486 iu
385 2423 434 2488 his
456 2419 626 2484 erravisset
646 2419 756 2496 Plato,
788 2422 880 2485 eirea
898 2421 1062 2503 oapot'rei
1085 2423 1261 2486 erravisset

75 2549 116 2592 ex
143 2533 251 2590 mente
277 2523 578 2598 Schleiermaeheri,
608 2522 776 2588 etfrustra
798 2532 979 2606 susceptum
1001 2521 1103 2588 uideri
1125 2525 1265 2588 deberet

73 2637 180 2696 totum
207 2649 299 2712 opos.
323 2663 366 2678 ·-
386 2630 580 2692 Praecedens
602 2633 708 2693 autem
731 2625 848 2692 dehere
869 2628 1128 2710 temperantiam,
1159 2627 1193 2692 id
1215 2649 1256 2692 ex

73 2736 115 2800 iis
148 2752 233 2817 quae
263 2729 356 2797 modo
387 2730 524 2797 diximus
552 2737 664 2816 sponte
691 2739 831 2816 apparet
873 2731 1003 2794 Falsumv
1031 2737 1078 2806 est
1104 2731 1197 2796 etiam
1212 2781 1215 2786 .
1228 2731 1255 2795 si

74 2835 384 2902 Sohleienmaehesns
412 2833 475 2900 dini
496 2855 590 2917 posse
612 2841 715 2920 putat,
745 2835 897 2899 iustitiam
919 2854 983 2899 uon
1003 2833 1134 2918 reliquis
1156 2835 1254 2903 virtu·

73 2938 162 3006 tibus
184 2937 350 3015 omnibus,
374 2935 430 3018 sed
451 2937 512 3004 soli
532 2941 758 3022 temperantiae
780 2940 844 3003 vim
866 2957 955 3004 suam
979 2922 1132 3003 tribuere.
1175 2941 1254 3002 Nam
1344 3017 1355 3026 -

74 3064 134 3109 eur
155 3040 233 3108 huie
253 3041 333 3112 solit
377 3041 441 3107 our
462 3064 527 3107 nou
547 3043 720 3130 sapientiae
741 3049 775 3122 et
793 3039 980 3120 lentitudini,
1001 3038 1267 3118 situstttjseffie

74 3151 117 3212 cit
148 3154 185 3211 ot
217 3143 297 3212 duae
325 3147 508 3228 superiores
540 3147 636 3210 animi
668 3144 829 3211 facultates
856 3143 1019 3228 negotium
1045 3165 1137 3210 suum
1165 3151 1261 3209 reete·

75 3249 223 3316 obeunti.
244 3251 304 3313 -lta
326 3249 392 3314 iam·
410 3252 570 3334 sequitur,
599 3247 679 3316 nihil
709 3269 803 3324 esse,
832 3247 920 3336 quod
946 3245 1261 3316 Schleieemaoherus

74 3352 196 3419 iustitia
229 3360 261 3420 et
293 3352 498 3438 temperantia
526 3371 653 3422 omnem
685 3354 832 3418 uirtutem
865 3351 1003 3416 divitatis
1026 3351 1253 3436 comprehendi

73 3464 176 3544 putat.
218 3457 337 3521 Verum
370 3460 417 3520 est
448 3457 575 3539 quidem
609 3456 795 3538 sapientiam
823 3464 854 3520 et
881 3453 1100 3520 fortitudinem
1128 3462 1252 3537 partem

75 3581 145 3626 esse
166 3559 322 3635 iustitiae,
351 3579 432 3644 quae
462 3567 511 3624 est
534 3559 634 3624 virtus
656 3559 857 3634 universalis,
888 3561 944 3624 sed
966 3561 1078 3622 eodem
1101 3560 1256 3624 modose
1378 3563 1380 3568 '

73 3687 127 3731 res
149 3660 247 3729 habet
267 3683 339 3746 cum
360 3661 580 3746 temperantia,
603 3683 686 3748 quae
705 3670 737 3728 ot
758 3664 826 3748 ipsa
847 3661 986 3734 iustitiae
1005 3679 1081 3747 pars
1103 3669 1161 3728 e'st.
1206 3665 1255 3727 Ex

75 3791 124 3834 eo
138 3776 245 3833 autem
268 3764 353 3854 quod
375 3765 681 3832 Sehleiermaeherus
703 3773 822 3842 monet,
850 3767 944 3830 etiam
959 3771 1192 3850 temperantem
1216 3785 1255 3830 ea

74 3870 184 3938 omnia
209 3872 415 3936 omissurum·
433 3890 519 3946 esse,
556 3873 642 3956 quae'
659 3863 732 3934 ¹non
758 3867 861 3933 facere
894 3869 1011 3954 iustum
1039 3868 1126 3933 Plato
1156 3869 1253 3944 dieat,

73 3975 153 4040 nihil
186 3971 292 4058 colligi
317 3981 426 4058 'potest
445 3981 565 4039 eontra
589 3971 792 4039 definitiones
814 3974 965 4037 virtutum
988 3993 1007 4037 a
1027 3971 1155 4036 Platone
1177 3993 1254 4058 pro-

73 4079 206 4168 positas.
251 4081 330 4142 Nam
352 4079 385 4160 in
406 4079 454 4142 his
476 4077 578 4142 solum
599 4075 632 4142 id
655 4078 793 4160 respexit
814 4075 920 4152 Plato,
952 4070 1075 4154 utiam
1098 4073 1252 4160 diximus,

75 4181 162 4268 qpod
186 4181 313 4262 ‚Glauco
330 4191 375 4249 ⁴et
403 4180 586 4264 Adimantus
614 4182 707 4247 initio
733 4178 864 4250 secundi
896 4176 970 4246 libri
998 4177 1251 4256 affirmaverant,

75 4284 172 4354 etiam
194 4287 322 4362 iustum,
345 4291 454 4371 parata
474 4282 628 4370 peccandi
648 4283 789 4365 lieentia,
811 4285 922 4348 eadem
944 4282 1052 4349 omma
1071 4280 1264 4358 somnusue
