3296 5232
858 389 1088 456 ...200-

386 551 468 614 Nam
488 547 637 616 iustitiam
657 549 691 613 in
711 546 761 614 his
782 567 848 614 non
868 568 925 614 sua
946 569 1039 619 causa
1059 547 1187 635 quaeri,
1219 548 1251 616 id
1279 570 1321 616 ex
1343 549 1415 634 ipsa
1435 547 1569 636 perfun-

387 653 488 718 ctoria
508 653 629 718 ratione
652 650 884 736 disputationis,
923 673 986 738 qua
1014 657 1053 718 ad
1076 651 1291 744 explicandam
1312 653 1491 719 iniustitiae
1515 675 1568 730 na,-

387 763 490 822 turam
517 762 637 823 tantum
666 753 755 841 prius
777 759 817 821 de
838 755 955 822 iustitia
978 754 1060 822 dicta
1081 757 1114 822 in
1136 755 1322 823 memoriam
1352 767 1566 834 revocantur,

386 859 556 945 colligitur.
602 858 648 924 ef.
671 881 703 942 p.
725 859 798 938 576,
820 863 856 924 Α.
882 863 927 926 St.
977 844 1050 945 5Ap’
1087 845 1146 926 οὖν
1179 855 1238 926 οὐκ
1271 856 1388 948 ὀρθῶς
1416 856 1460 928 iio
1490 857 1569 938 τοὺς

386 959 559 1041 τοιούτους
581 959 772 1052 (tyrannicos
793 961 947 1046 intelligit)
971 956 1129 1040 ἀπίστους
1150 966 1322 1050 micipsa,-
1345 964 1426 1042 Πῶς
1450 959 1483 1030 δ’
1510 961 1568 1045 οὕς

385 1069 455 1134 Kal
475 1064 543 1154 μὴν
564 1061 697 1144 ἀδίκους
717 1090 753 1152 ys
775 1059 817 1144 ὡς
839 1058 966 1134 citiore
986 1059 1153 1154 μάλιστα,
1188 1067 1276 1156 εἴπερ
1299 1061 1416 1156 ὀρθῶς
1440 1068 1476 1134 ἐν
1499 1071 1570 1145 τοῖς

384 1165 540 1262 πρόσθεν
572 1164 829 1256 ὡμολογήσαμεν
853 1171 926 1257 περὶ
955 1163 1181 1260 deuteromium,
1218 1161 1289 1236 οἷον
1318 1171 1416 1238 ἐστιν.
1459 1165 1569 1237 Ἀλλὰ

383 1271 459 1362 μὴν,
480 1260 501 1356 ἦ
524 1268 555 1341 a
580 1266 627 1353 ὃς,
651 1268 766 1363 ὄρους
787 1296 832 1356 μ.
875 1270 1035 1338 aliterue
1057 1271 1106 1338 aas
1128 1274 1234 1348 susas
1256 1273 1415 1340 uenatus
1439 1275 1464 1338 1.
1490 1273 1515 1339 1.
1539 1297 1568 1358 p.

384 1381 457 1450 166.
491 1379 552 1446 oIn
572 1377 621 1444 his
643 1375 742 1452 Plato,
766 1375 814 1440 uti
835 1377 1004 1454 cernimus,
1026 1376 1088 1440 iter
1108 1376 1246 1443 hominis
1267 1379 1307 1442 ad
1328 1376 1404 1444 vitia
1419 1397 1569 1444 omnem-

385 1503 448 1568 que
469 1481 655 1569 pravitatem
677 1476 811 1546 absolvit
831 1481 968 1548 tandem
1023 1479 1095 1556 Quo
1117 1480 1150 1546 in
1182 1481 1310 1565 negotio
1339 1479 1417 1566 qnid
1447 1483 1568 1546 amoris

383 1585 451 1663 illo,
475 1605 571 1670 quem
592 1581 753 1659 describit,
776 1579 885 1648 lurore
907 1586 1115 1666 spectaverit,
1138 1603 1156 1648 e
1178 1585 1324 1651 Phaedro
1345 1592 1377 1649 et
1393 1585 1567 1673 Symposio

382 1687 581 1780 intelligitur.
620 1680 801 1771 Πάνδημος
824 1693 872 1752 est
891 1685 951 1750 iste
972 1684 1099 1760 scilicet,
1122 1685 1177 1771 qui
1198 1685 1359 1754 hominem
1375 1688 1421 1752 sic
1438 1690 1483 1753 ad
1504 1695 1569 1752 tur·

382 1791 531 1880 pissima,
561 1796 610 1872 ,ut
626 1781 780 1880 οὐράνιος
807 1793 846 1854 ad
867 1786 1082 1872 pulcherrima
1103 1809 1248 1876 quaeque
1271 1799 1303 1854 et
1323 1791 1565 1868 honestissima,

382 1885 520 1962 adducit.
539 1893 542 1902 ’
564 1891 654 1960 Idem
675 1901 778 1958 autem
800 1891 854 1958 ille
875 1891 946 1958 vilis
969 1895 1172 1980 ahiectusque
1191 1914 1293 1971 amor,
1317 1893 1400 1960 utin
1413 1894 1564 1960 Phaedro

380 1999 508 2088 poetica
528 2003 577 2064 est
595 1996 718 2062 ratione
741 1997 933 2082 descriptus,
963 1997 1007 2061 ita
1034 1997 1087 2062 hio
1115 1995 1303 2082 philosopha
1324 2001 1420 2072 hacce
1445 1998 1490 2064 de
1515 2020 1565 2064 na·

382 2112 453 2168 tora
473 2106 611 2168 humana
633 2099 863 2184 disquisitione,
888 2097 1034 2176 efficitur,
1059 2099 1160 2185 qualis
1182 2099 1221 2166 sit
1239 2100 1378 2188 proprie,
1401 2123 1564 2188 quamque

381 2205 447 2272 rim
475 2203 515 2270 ad
539 2210 679 2268 caeteras
700 2203 885 2288 cupiditates
907 2223 1015 2270 omnes
1036 2203 1246 2270 incendendas
1268 2211 1436 2290 totumque
1458 2207 1565 2272 homi-

383 2303 456 2375 nem
478 2312 510 2371 et
530 2305 703 2392 regendum
725 2305 850 2390 tyranni
870 2305 969 2372 instar
991 2315 1022 2371 et
1042 2308 1169 2394 penitus
1190 2310 1482 2392 corrumpendum,
1509 2309 1562 2375 ha·

382 2397 465 2478 lieat.
510 2411 581 2489 Quo
611 2407 851 2498 magiseuicao
873 2411 977 2477 locum
999 2409 1223 2496 philosophus,
1254 2412 1309 2498 qui
1330 2419 1377 2476 est
1399 2413 1442 2478 de
1467 2413 1563 2479 virtu·

383 2513 466 2580 tibus
488 2535 525 2580 ac
546 2512 630 2583 vitiis.
650 2512 851 2599 maximeque
867 2512 906 2579 de
921 2515 1017 2580 animi
1033 2515 1271 2600 depravatione,
1295 2513 1388 2600 plene
1410 2522 1562 2583 tractasse

382 2619 546 2687 videtur.»
593 2619 681 2696 Quae
703 2615 730 2684 si
751 2633 826 2682 vere
849 2616 1085 2703 disputarentur
1105 2617 1312 2698 ahHeusdio,
1335 2623 1388 2704 qui
1403 2620 1562 2708 potuisset

383 2724 568 2790 Aristoteles
595 2725 677 2786 hanc
704 2724 744 2785 de
776 2721 937 2786 civitatum
965 2719 1225 2790 conversionibus
1247 2719 1422 2788 doctrinam
1446 2725 1494 2790 ita
1516 2745 1563 2789 re·

384 2825 583 2912 prehendere
605 2832 641 2892 ut
661 2824 865 2910 reprehendit
885 2823 979 2890 Polit.
1003 2822 1059 2890 lih.
1084 2829 1121 2890 V.
1145 2846 1172 2891 c
1194 2827 1258 2890 X.?
1300 2829 1379 2898 Nam
1403 2824 1468 2892 hae
1493 2827 1561 2898 Ari·

382 2927 505 3022 stotelis
526 2925 789 3017 reprehensiones
811 2935 877 2994 tum
900 2927 1025 2994 demum
1047 2927 1149 2994 iustae
1170 2927 1272 2995 videri
1290 2937 1433 3018 possunt,
1456 2931 1488 2996 si
1509 2953 1562 3018 po-

268 3047 270 3052 ·
381 3031 484 3100 litices
511 3029 615 3098 locum
644 3033 677 3097 in
705 3031 754 3097 his
782 3031 962 3097 tractavisse
991 3030 1153 3097 Platonem
1175 3039 1302 3098 statuas.
1347 3036 1382 3098 ld
1404 3053 1489 3100 vero
1512 3042 1562 3099 aut

381 3158 446 3205 uon
467 3135 669 3214 intellexisse,
693 3143 758 3212 aut,
783 3138 904 3201 etiamsi
925 3133 1129 3213 intellexerit,
1153 3133 1374 3203 calumniatum
1396 3157 1471 3202 esse
1492 3139 1562 3203 Ari·

382 3243 529 3310 stotelem
550 3237 703 3326 quis'sihi
723 3242 933 3324 persuadeat?
976 3238 1090 3306 Verius
1110 3240 1207 3324 igitur
1229 3239 1558 3319 Schleiermacherus,

383 3342 618 3429 reprehendens
643 3344 676 3409 in
703 3339 751 3408 his
773 3340 938 3417 etiamid,
968 3344 1052 3427 quod
1074 3342 1413 3418 melancholicaauimi
1436 3345 1559 3411 indoles

383 3458 589 3536 tyrannorum
609 3447 732 3520 ratione
753 3445 974 3532 psychologica
995 3445 1150 3532 explicata
1170 3467 1233 3512 non
1255 3445 1304 3520 sit,
1328 3442 1367 3514 de
1389 3451 1450 3514 hoc
1474 3447 1560 3514 omni
1636 3434 1637 3442 ἵ

384 3549 490 3637 operis
518 3549 672 3639 parte'ita
692 3547 828 3618 iudicat:
868 3551 952 3615 «Die
978 3553 1052 3625 llrt,
1087 3549 1148 3617 wie
1177 3548 1229 3616 die
1256 3551 1328 3615 eine
1358 3549 1468 3619 dieser
1503 3555 1560 3619 Ge·

384 3653 714 3737 miithsversassungeu
742 3674 797 3718 aus
828 3657 886 3720 der
914 3652 1035 3718 andern
1057 3651 1208 3730 entsteht,
1223 3637 1225 3647 ¹
1238 3652 1278 3719 ist
1300 3651 1386 3719 nicht
1405 3659 1502 3721 recht
1522 3677 1558 3721 an

384 3753 448 3826 und
476 3759 530 3826 fiir
557 3757 634 3854 sich
651 3755 862 3827 verstmdich
874 3804 884 3837 ,
918 3754 1058 3824 sondern
1084 3776 1147 3824 nur
1173 3755 1344 3826 vermittelt
1372 3757 1477 3824 durch
1506 3758 1558 3826 das
1635 3811 1636 3891 ρ

385 3927 682 3950 ——nn—-uu——fl

384 4043 465 4105 ἐστι,
485 4045 540 4096 ant
561 4046 658 4098 ταῦτα
680 4039 717 4114 δή
741 4043 840 4097 πάντα
863 4039 938 4117 πρὸς
953 4039 1101 4119 τύραννον
1118 4045 1247 4118 πονηρίᾳ
1262 4045 1315 4098 καὶ
1331 4040 1493 4118 ἀθλιότητι
1509 4045 1560 4102 πό·
1634 4092 1635 4100 ,

385 4127 471 4199 laroc,
486 4128 521 4185 τὸ
540 4129 712 4200 λεγόμενον,
728 4127 791 4186 οὐδ’
809 4129 895 4206 ἴκταρ
911 4131 1022 4198 βάλλει.
1043 4133 1094 4197 Qut
1114 4133 1187 4186 loeus
1208 4134 1304 4186 docere
1322 4140 1426 4202 potest,
1437 4151 1501 4212 ,non
1519 4152 1559 4191 re-
1634 4103 1635 4168 i

383 4227 490 4300 sulcare
511 4221 701 4294 Pictoreum
726 4223 766 4274 hh
791 4225 934 4286 praaetpua
953 4231 987 4298 ea
1004 4236 1072 4290 noae
1091 4223 1200 4289 singulte
1218 4227 1385 4290 contingant,
1412 4238 1464 4280 nec
1483 4239 1559 4293 prae-

384 4311 474 4392 ualere
489 4315 620 4388 rationem
639 4310 761 4372 ethicum.
793 4361 796 4368 ,
837 4379 841 4388 .
944 4377 946 4385 Ι
