3312 5238
887 371 1096 444 ...pg-

390 533 430 600 o.
452 535 497 600 st.
539 530 731 618 Interposita·
754 529 838 600 enim
861 535 900 599 da
922 538 1058 615 poeseos
1087 529 1256 616 generibus
1285 530 1442 600 luculenta
1464 531 1573 620 dispu-

393 637 512 704 tatione
535 634 655 758 repetit
676 633 762 720 quod
785 634 928 713 dixerat,
960 636 1032 712 Καὶ
1053 631 1092 702 τὸ
1114 631 1178 726 πρὸ
1206 630 1326 704 τούτου
1354 633 1447 718 δή
1428 663 1573 726 αναμνιι

393 736 544 824 odoros
534 731 587 807 ότι
609 739 745 832 ἔφαμεν,
767 731 870 825 lipia
836 741 1022 818 ὲνλιιιτέον,
1044 734 1106 819 ήδη
1130 734 1345 828 εἰρῆσθαι,
1323 768 1367 818 ως
1388 743 1424 808 δὲ
1445 744 1574 812 λεκτέον

387 845 444 912 ’ἔτι
466 847 622 914 σκεπτέον
644 843 736 910 εἰναι.
758 862 791 927 p.
816 842 893 918 ast,
917 845 962 918 G,
985 844 1166 908 nonullam
1188 841 1230 910 ob
1252 864 1398 922 causam,
1422 866 1519 931 quam
1539 853 1575 912 ut

385 948 648 1037 disputationis
643 948 723 1020 ordo
745 953 839 1031 atque
862 945 1026 1030 dispositio
1048 945 1191 1012 lectori
1179 967 1215 1014 ιιι
1235 947 1421 1016 memoriam
1441 969 1575 1017 revoca·

393 1061 495 1120 retur.
539 1054 686 1118 Potestne
715 1056 820 1117 autem
842 1047 991 1116 credibile
1012 1047 1147 1126 videri„
1161 1071 1234 1116 eum
1255 1050 1495 1139 philosophum,
1519 1058 1573 1139 qui

385 1166 457 1224 tam
479 1157 623 1222 distinete
644 1158 677 1220 in
698 1174 770 1220 suas
792 1173 936 1240 quaeque
957 1159 1064 1240 partes
1078 1151 1205 1230 tribnat,
1228 1152 1289 1220 alio
1302 1157 1372 1222 loeo
1387 1164 1573 1242 tamparum

386 1260 536 1327 ‚distinde
558 1261 729 1334 disserere,
752 1255 839 1343 quod
859 1256 1040 1328 necessario
1060 1255 1177 1324 laetum
1192 1267 1284 1341 esset,
1306 1261 1334 1326 si
1354 1281 1436 1347 quae
1449 1281 1481 1348 p.
1498 1264 1572 1338 392,

389 1366 428 1430 Α.
450 1367 599 1450 leguntur
619 1383 728 1430 reram
750 1360 887 1433 Platonis
908 1369 1047 1429 mentem
1072 1360 1248 1430 referrent?

476 1469 582 1545 Quum
603 1466 646 1532 ita
669 1485 781 1532 eorum
802 1485 884 1551 quae
902 1464 988 1532 dieta
1010 1472 1041 1532 et
1062 1465 1205 1540 dicenda
1216 1476 1322 1534 emeat
1346 1467 1493 1536 ordinem
1516 1487 1574 1536 ex-

389 1570 549 1695 posuisset
570 1574 725 1647 Socrates,
747 1578 815 1636 tum
836 1569 1038 1646 Adimantus,
1068 1571 1185 1651 Τοῦτο,
1206 1569 1319 1658 inquit,
1341 1568 1380 1640 οὐ
1402 1568 1572 1660 μανθάνοι

386 1668 458 1742 ὅτι
473 1679 586 1762 λέγεις.
603 1669 716 1742 Αλλὰ
729 1677 851 1762 μέντοι,
875 1659 1010 1754 ήνὸΨ
973 1669 1064 1760 syci,
1088 1675 1151 1740 δεῖ
1148 1699 1202 1760 γι.
1224 1675 1302 1753 ἴσως
1325 1662 1471 1770 οὗντῇδι
1484 1676 1572 1764 μᾶλ-

390 1780 507 1847 λον
473 1802 553 1873 ιιοιι.
574 1764 626 1879 ἆρ’
651 1773 689 1845 ori
713 1801 834 1854 ποντα,
857 1767 924 1844 oce
937 1771 1002 1844 ὑπο
990 1771 1257 1864 μυθολόγων”
1237 1805 1256 1860 η
1271 1780 1415 1860 ποιητῶν
1429 1782 1571 1866 λέγεται,

387 1877 541 2005 διήγησις
562 1879 648 1950 oica
669 1877 820 1982 τυγχάνει
842 1876 864 1962 ἢ
885 1875 1066 1968 γεγονότων
1088 1877 1108 1962 ἢ
1130 1877 1233 1948 ὄντων
1254 1877 1496 1968 ήμελλόντιινι
1532 1884 1572 1950 Τι’

386 1983 463 2077 γὰρ,
487 1986 569 2078 ἔφη,
592 1981 693 2068 ἄλλος
716 1983 804 2072 'Apa
827 1981 886 2052 οὐν
908 1979 980 2072 οὐχὶ
1001 1979 1077 2066 ήτοι
1099 1979 1186 2080 ἁπλῇ
1207 1980 1372 2071 διηγήσει,
1393 1982 1494 2068 ήδιὰ
1515 2013 1570 2074 μι-

385 2085 516 2176 μήσιιις
526 2091 728 2210 γιγνομένη,
749 2085 770 2169 ή
764 2082 877 2153 Ἠὂι
858 2089 1055 2178 αμφοτέρων
1076 2089 1287 2189 σιραίνουσιι
1315 2090 1386 2156 Καὶ
1409 2090 1562 2170 τοῦτο,ι

386 2187 453 2259 δ”
443 2183 498 2270 σ’ς,
521 2191 569 2258 ἔτι
592 2194 709 2276 δέομαι
731 2193 916 2283 συφέςιρον
936 2193 1075 2278 μαθεῖν.
1096 2194 1241 2272 Γελοῖος,
1263 2178 1398 2273 ήνὰΗ
1382 2189 1453 2278 syci,
1475 2192 1570 2260 ἔοικα

385 2285 648 2374 διδάσκαλος
617 2320 701 2362 ειναι
730 2299 787 2362 καὶ
816 2289 962 2385 ἀσαφής.
989 2284 1095 2385 ὥσπερ
1122 2280 1185 2362 οὖν
1207 2298 1238 2361 οἱ
1260 2289 1420 2364 ἀδύνατοι
1449 2299 1569 2383 λέγειν,

385 2423 424 2467 ου
447 2395 534 2466 κατὰ
557 2390 645 2479 citos,
668 2392 737 2466 ἀλλ.
763 2392 942 2484 ἀπολαβὼν
963 2400 1063 2487 μέρος
1085 2421 1116 2464 τι
1136 2392 1338 2485 πειράσομαί
1360 2423 1414 2468 σοι
1437 2401 1470 2468 ἐν
1492 2425 1570 2468 του-

385 2528 432 2595 τῳ
455 2495 643 2585 δηλῶσαι
624 2529 642 2567 o
664 2496 841 2590 βούλομαι.
889 2499 1122 2588 Adscripsimus
1147 2504 1233 2568 hunc
1257 2502 1362 2570 locum
1390 2510 1426 2572 ut
1452 2502 1596 2570 intelli·-

386 2615 495 2692 gatar,
524 2607 558 2672 in
580 2627 616 2672 re
638 2626 702 2671 ιιοιι
723 2613 945 2684 controversa,
980 2625 1075 2692 quam
1097 2605 1138 2672 sit
1157 2608 1305 2678 Socrates
1326 2606 1443 2692 dialogi
1464 2610 1568 2690 gratia

385 2709 504 2798 ubique
536 2709 589 2776 rel
617 2708 784 2776 simulator
810 2709 861 2776 vel
888 2709 1112 2778 dissimulator.
1146 2713 1238 2778 .Nam
1266 2709 1353 2796 quod
1381 2709 1567 2780 Adimantus

385 2836 451 2883 non
472 2811 666 2899 intelligebat
687 2834 768 2901 quae
790 2813 914 2880 dixerat
935 2816 1095 2890 Socrates,
1124 2812 1159 2880 id
1186 2834 1252 2879 non
1277 2813 1395 2882 lactum
1417 2823 1502 2890 crat,
1532 2823 1567 2880 ut

385 2939 438 2985 res
459 2918 530 3005 ipsa
551 2915 655 2994 docet,
681 2917 820 2984 Socratis
839 2916 940 3003 culpa,
963 2916 1020 2984 sed
1038 2919 1087 2985 rei
1108 2917 1207 3005 ipsius
1229 2925 1352 2995 natura,
1376 2939 1457 3004 qnae
1474 2939 1567 2986 aeon·

382 3022 536 3090 rationem
564 3021 808 3109 explicationem
835 3023 1024 3106 requireret.
1069 3023 1171 3098 Quam
1197 3029 1235 3088 nt
1263 3025 1339 3090 dare
1366 3030 1497 3108 posset,
1534 3031 1566 3088 et

382 3147 489 3194 sermo
519 3125 652 3194 ulterius
678 3124 886 3211 procederet,
915 3123 988 3192 ideo
1011 3124 1089 3192 haec
1109 3124 1201 3190 finxit
1224 3127 1389 3203 Socrates,
1421 3134 1455 3192 et
1475 3125 1563 3213 qnod
1647 3159 1648 3206 j

382 3229 518 3296 finxerat
540 3232 961 3300 constantissimeserravit.
992 3230 1040 3296 cf.
1061 3250 1094 3316 p.
1118 3233 1190 3306 393,
1212 3232 1250 3296 D.
1272 3231 1314 3300 ie
1336 3236 1368 3294 et
1389 3229 1565 3315 praecipue

385 3357 418 3418 p.
443 3337 515 3410 tet,
537 3337 574 3413 Β,
600 3335 644 3411 C,
667 3355 731 3422 quo
752 3333 824 3400 loeo
845 3353 976 3418 sperare
992 3353 1026 3400 se
1040 3333 1126 3412 dicit,
1149 3315 1349 3417 intelligere
1339 3353 1403 3399 ram
1416 3333 1566 3401 Adiman-

383 3446 460 3514 tum,
484 3436 569 3526 quod
590 3441 681 3522 prius
701 3439 769 3524 ipse
792 3437 953 3521 explicare
975 3459 1039 3503 ιιοιι
1059 3439 1210 3524 potueritss
1234 3443 1290 3504 καὶ
1312 3427 1405 3523 οἶμιιί
1424 3459 1480 3504 σοι
1502 3435 1566 3520 ἤδη

385 3535 548 3626 ὃηλοῦνὸ
573 3541 766 3632 ἔμπροσθεν
788 3565 853 3629 συγ
871 3533 942 3618 οἷός
962 3566 982 3606 τ
1007 3527 1037 3622 ἦ.
1053 3565 1081 3608 ιι.
1096 3567 1125 3607 τ.
1141 3543 1166 3608 ἑ.
1208 3543 1367 3618 Quantum
1388 3561 1468 3608 vero
1483 3540 1565 3608 lueis

386 3667 424 3712 ea
448 3669 484 3712 re
508 3652 637 3712 nostrae
660 3649 699 3710 de
727 3644 840 3731 Operis
866 3643 928 3710 fine
949 3649 1043 3732 atque
1068 3642 1202 3711 artifieio
1227 3647 1399 3712 sententiae
1420 3644 1565 3711 affunda-

386 3757 446 3827 tur,
469 3749 569 3816 lector
590 3747 760 3836 prudens
750 3768 819 3832 rpse
840 3746 1002 3814 iudicabit.
1023 3783 1066 3799 -
1085 3748 1135 3816 Ad
1155 3747 1250 3815 linem
1273 3747 1407 3816 adducta
1422 3746 1564 3833 disputa-

380 3853 471 3919 tione
495 3852 535 3920 de
558 3873 598 3919 eo
619 3851 695 3939 quid
720 3846 853 3972 διηγσις
872 3859 966 3928 esset,
990 3851 1228 3976 ιιιιίιιμὶμησις,
1252 3855 1398 3918 Socrates
1420 3854 1465 3918 ita
1489 3871 1564 3937 per-

381 3959 441 4044 git:
469 3956 576 4024 Τοῦτο
599 3957 707 4024 τοίνυν
729 3951 811 4021 αὐτὸ
832 3951 873 4037 ήν
895 3947 1090 4040 ὃέλιγον,“
1070 3949 1562 4045 οτιχρείηδιομολογήσοισθαι,

381 4055 524 4151 πότερον
546 4054 684 4146 ἐάσομεν
706 4055 784 4137 τοὺς
808 4054 948 4140 ποιητὰς
971 4062 1193 4147 μιμουμένους
1214 4053 1291 4146 ἡμῖν
1312 4057 1373 4138 τὰς
1395 4054 1562 4146 διηγήσεις

382 4160 617 4245 ποιεῖσθαι,
603 4157 687 4245 ned
712 4169 774 4250 μὲν
797 4165 1035 4250 μιμουμένους,
1061 4159 1161 4230 τὰδὲ
1146 4159 1248 4249 ἐμή,
1279 4169 1335 4232 ιιοιι
1360 4157 1462 4232 ὁιιοῖοι
1486 4157 1561 4232 ἑκά-

383 4297 477 4364 τεροι,
509 4263 531 4352 ἢ
561 4261 636 4336 οὐδὲ
660 4270 854 4356 μιμεῖσθαι.
896 4264 1133 4355 Moesicae,
1165 4265 1249 4361 ἔφη,
1280 4267 1488 4342 σκοπεῖσθαί
1507 4283 1559 4351 σε,
1647 4351 1648 4368 ¹
