<?xml version="1.0" encoding="UTF-8"?>
<!DOCTYPE html PUBLIC "-//W3C//DTD XHTML 1.0 Transitional//EN"
    "http://www.w3.org/TR/xhtml1/DTD/xhtml1-transitional.dtd">
<html xmlns="http://www.w3.org/1999/xhtml" xml:lang="en" lang="en">
 <head>
  <title>
</title>
<meta http-equiv="Content-Type" content="text/html;charset=utf-8" />
  <meta name='ocr-system' content='tesseract 3.04.00' />
  <meta name='ocr-capabilities' content='ocr_page ocr_carea ocr_par ocr_line ocrx_word'/>
</head>
<body>
  <div class='ocr_page' id='page_1' title='image "./prolegomenaadpl00rettgoog_0070.png"; bbox 0 0 3312 5238; ppageno 0'>
   <div class='ocr_carea' id='block_1_1' title="bbox 571 403 783 472">
    <p class='ocr_par' dir='ltr' id='par_1_1' title="bbox 571 403 783 472">
     <span class='ocr_line' id='line_1_1' title="bbox 571 403 783 472; baseline 0.005 -19"><span class='ocrx_word' id='word_1_1' title='bbox 571 403 783 472; x_wconf 65' lang='lat'>..50-</span> 
     </span>
    </p>
   </div>
   <div class='ocr_carea' id='block_1_2' title="bbox 78 549 1270 2200">
    <p class='ocr_par' dir='ltr' id='par_1_2' title="bbox 78 549 1270 2200">
     <span class='ocr_line' id='line_1_2' title="bbox 80 549 1269 650; baseline 0.002 -22"><span class='ocrx_word' id='word_1_2' title='bbox 80 566 223 650; x_wconf 84' lang='lat' dir='ltr'><strong>optimae</strong></span> <span class='ocrx_word' id='word_1_3' title='bbox 244 563 379 630; x_wconf 75' lang='lat' dir='ltr'><strong>ciuitatis</strong></span> <span class='ocrx_word' id='word_1_4' title='bbox 401 555 581 630; x_wconf 67' lang='lat' dir='ltr'><strong>rediimus</strong></span> <span class='ocrx_word' id='word_1_5' title='bbox 601 566 739 630; x_wconf 87' lang='lat' dir='ltr'><strong>condere</strong></span> <span class='ocrx_word' id='word_1_6' title='bbox 762 565 833 650; x_wconf 83' lang='lat' dir='ltr'><strong>quis</strong></span> <span class='ocrx_word' id='word_1_7' title='bbox 847 563 960 648; x_wconf 85' lang='lat' dir='ltr'><strong>possit,</strong></span> <span class='ocrx_word' id='word_1_8' title='bbox 985 549 1269 630; x_wconf 58' lang='lat' dir='ltr'><strong>adcrementum</strong></span> 
     </span>
     <span class='ocr_line' id='line_1_3' title="bbox 79 655 1270 753; baseline 0.001 -20"><span class='ocrx_word' id='word_1_9' title='bbox 79 665 305 753; x_wconf 71' lang='lat' dir='ltr'><strong>disputationis</strong></span> <span class='ocrx_word' id='word_1_10' title='bbox 333 672 373 733; x_wconf 87' lang='lat' dir='ltr'><strong>de</strong></span> <span class='ocrx_word' id='word_1_11' title='bbox 402 676 489 733; x_wconf 86' lang='lat' dir='ltr'><strong>reeta</strong></span> <span class='ocrx_word' id='word_1_12' title='bbox 505 655 635 737; x_wconf 73' lang='lat' dir='ltr'><strong>civium</strong></span> <span class='ocrx_word' id='word_1_13' title='bbox 659 669 859 732; x_wconf 72' lang='lat' dir='ltr'>educatione.</span> <span class='ocrx_word' id='word_1_14' title='bbox 905 669 1015 752; x_wconf 81' lang='lat' dir='ltr'><strong>Itaque</strong></span> <span class='ocrx_word' id='word_1_15' title='bbox 1044 669 1121 743; x_wconf 90' lang='lat' dir='ltr'><strong>hos,</strong></span> <span class='ocrx_word' id='word_1_16' title='bbox 1153 667 1270 753; x_wconf 81' lang='lat' dir='ltr'><strong>quihus</strong></span> 
     </span>
     <span class='ocr_line' id='line_1_4' title="bbox 78 771 1269 856; baseline 0 -18"><span class='ocrx_word' id='word_1_17' title='bbox 78 771 221 839; x_wconf 84' lang='lat' dir='ltr'><strong>militum</strong></span> <span class='ocrx_word' id='word_1_18' title='bbox 242 771 370 855; x_wconf 83' lang='lat' dir='ltr'><strong>negotia</strong></span> <span class='ocrx_word' id='word_1_19' title='bbox 391 773 522 848; x_wconf 86' lang='lat' dir='ltr'><strong>tribuit,</strong></span> <span class='ocrx_word' id='word_1_20' title='bbox 554 771 719 838; x_wconf 73' lang='lat' dir='ltr'><strong>instituere</strong></span> <span class='ocrx_word' id='word_1_21' title='bbox 741 771 830 836; x_wconf 86' lang='lat' dir='ltr'><strong>Plato</strong></span> <span class='ocrx_word' id='word_1_22' title='bbox 851 771 961 856; x_wconf 86' lang='lat' dir='ltr'><strong>incipit</strong></span> <span class='ocrx_word' id='word_1_23' title='bbox 981 791 1040 854; x_wconf 88' lang='lat' dir='ltr'><strong>per</strong></span> <span class='ocrx_word' id='word_1_24' title='bbox 1062 773 1213 838; x_wconf 77' lang='lat' dir='ltr'><strong>musicam</strong></span> <span class='ocrx_word' id='word_1_25' title='bbox 1237 779 1269 838; x_wconf 83' lang='lat' dir='ltr'><strong>et</strong></span> 
     </span>
     <span class='ocr_line' id='line_1_5' title="bbox 79 873 1269 961; baseline 0.002 -21"><span class='ocrx_word' id='word_1_26' title='bbox 79 876 319 961; x_wconf 75' lang='lat' dir='ltr'><strong>gymnasticanr.</strong></span> <span class='ocrx_word' id='word_1_27' title='bbox 371 875 512 940; x_wconf 90' lang='lat' dir='ltr'><strong>Primum</strong></span> <span class='ocrx_word' id='word_1_28' title='bbox 542 875 595 940; x_wconf 92' lang='lat' dir='ltr'><strong>hic</strong></span> <span class='ocrx_word' id='word_1_29' title='bbox 624 877 727 959; x_wconf 80' lang='lat' dir='ltr'><strong>agitur</strong></span> <span class='ocrx_word' id='word_1_30' title='bbox 755 873 795 940; x_wconf 86' lang='lat' dir='ltr'><strong>de</strong></span> <span class='ocrx_word' id='word_1_31' title='bbox 821 876 964 950; x_wconf 83' lang='lat' dir='ltr'><strong>musica,</strong></span> <span class='ocrx_word' id='word_1_32' title='bbox 997 877 1086 940; x_wconf 85' lang='lat' dir='ltr'><strong>errius</strong></span> <span class='ocrx_word' id='word_1_33' title='bbox 1114 897 1188 958; x_wconf 90' lang='lat' dir='ltr'><strong>pars</strong></span> <span class='ocrx_word' id='word_1_34' title='bbox 1219 883 1269 942; x_wconf 86' lang='lat' dir='ltr'><strong>est</strong></span> 
     </span>
     <span class='ocr_line' id='line_1_6' title="bbox 78 973 1268 1065; baseline 0 -19"><span class='ocrx_word' id='word_1_35' title='bbox 78 973 255 1065; x_wconf 81' lang='lat' dir='ltr'><strong>praecipua</strong></span> <span class='ocrx_word' id='word_1_36' title='bbox 276 980 393 1062; x_wconf 76' lang='lat' dir='ltr'><strong>poesis.</strong></span> <span class='ocrx_word' id='word_1_37' title='bbox 436 980 542 1044; x_wconf 75' lang='lat' dir='ltr'><strong>Poitis</strong></span> <span class='ocrx_word' id='word_1_38' title='bbox 564 986 669 1046; x_wconf 83' lang='lat' dir='ltr'><strong>autem</strong></span> <span class='ocrx_word' id='word_1_39' title='bbox 693 997 847 1044; x_wconf 82' lang='lat' dir='ltr'><strong>summam</strong></span> <span class='ocrx_word' id='word_1_40' title='bbox 869 980 972 1062; x_wconf 86' lang='lat' dir='ltr'><strong>legem</strong></span> <span class='ocrx_word' id='word_1_41' title='bbox 995 979 1200 1065; x_wconf 84' lang='lat' dir='ltr'><strong>praescrihit,</strong></span> <span class='ocrx_word' id='word_1_42' title='bbox 1232 985 1268 1046; x_wconf 91' lang='lat' dir='ltr'><strong>ut</strong></span> 
     </span>
     <span class='ocr_line' id='line_1_7' title="bbox 79 1073 1267 1170; baseline 0.001 -23"><span class='ocrx_word' id='word_1_43' title='bbox 79 1085 189 1148; x_wconf 85' lang='lat' dir='ltr'><strong>omnia</strong></span> <span class='ocrx_word' id='word_1_44' title='bbox 213 1073 275 1148; x_wconf 76' lang='grc' dir='ltr'><strong>’ὅτι</strong></span> <span class='ocrx_word' id='word_1_45' title='bbox 307 1077 469 1148; x_wconf 75' lang='grc' dir='ltr'><strong><em>κάλλιστα</em></strong></span> <span class='ocrx_word' id='word_1_46' title='bbox 503 1079 587 1170; x_wconf 71' lang='grc' dir='ltr'><em>πρὸς</em></span> <span class='ocrx_word' id='word_1_47' title='bbox 619 1077 738 1168; x_wconf 74' lang='grc' dir='ltr'><em>ἀρετὴν</em></span> <span class='ocrx_word' id='word_1_48' title='bbox 765 1085 1079 1168; x_wconf 70' lang='grc' dir='ltr'><em>μεμυθολογημένα·</em></span> <span class='ocrx_word' id='word_1_49' title='bbox 1101 1083 1174 1146; x_wconf 87' lang='lat' dir='ltr'><strong>sint.</strong></span> <span class='ocrx_word' id='word_1_50' title='bbox 1196 1137 1198 1146; x_wconf 21' lang='grc' dir='ltr'>Α</span> <span class='ocrx_word' id='word_1_51' title='bbox 1220 1085 1267 1148; x_wconf 84' lang='lat' dir='ltr'><strong>lu</strong></span> 
     </span>
     <span class='ocr_line' id='line_1_8' title="bbox 79 1185 1267 1272; baseline 0 -20"><span class='ocrx_word' id='word_1_52' title='bbox 79 1205 183 1270; x_wconf 88' lang='lat' dir='ltr'><strong>porro</strong></span> <span class='ocrx_word' id='word_1_53' title='bbox 204 1188 365 1272; x_wconf 71' lang='lat' dir='ltr'><strong>promocio</strong></span> <span class='ocrx_word' id='word_1_54' title='bbox 388 1187 429 1250; x_wconf 89' lang='lat' dir='ltr'><strong>de</strong></span> <span class='ocrx_word' id='word_1_55' title='bbox 451 1186 512 1250; x_wconf 75' lang='lat' dir='ltr'><strong>diis</strong></span> <span class='ocrx_word' id='word_1_56' title='bbox 533 1187 727 1272; x_wconf 80' lang='lat' dir='ltr'><strong>loquendum</strong></span> <span class='ocrx_word' id='word_1_57' title='bbox 740 1187 789 1250; x_wconf 66' lang='lat' dir='ltr'><strong>⁴sit</strong></span> <span class='ocrx_word' id='word_1_58' title='bbox 811 1187 925 1268; x_wconf 80' lang='lat' dir='ltr'><strong>potitis</strong></span> <span class='ocrx_word' id='word_1_59' title='bbox 938 1185 1085 1252; x_wconf 84' lang='lat' dir='ltr'><strong>accurate</strong></span> <span class='ocrx_word' id='word_1_60' title='bbox 1105 1205 1182 1250; x_wconf 88' lang='lat' dir='ltr'><strong>sane</strong></span> <span class='ocrx_word' id='word_1_61' title='bbox 1212 1207 1267 1252; x_wconf 82' lang='lat' dir='ltr'><strong>er-</strong></span> 
     </span>
     <span class='ocr_line' id='line_1_9' title="bbox 80 1282 1264 1376; baseline 0.002 -22"><span class='ocrx_word' id='word_1_62' title='bbox 80 1293 189 1376; x_wconf 84' lang='lat' dir='ltr'><strong>plicat.</strong></span> <span class='ocrx_word' id='word_1_63' title='bbox 234 1293 313 1354; x_wconf 81' lang='lat' dir='ltr'><strong>Nom</strong></span> <span class='ocrx_word' id='word_1_64' title='bbox 336 1292 436 1354; x_wconf 86' lang='lat' dir='ltr'><strong>altera</strong></span> <span class='ocrx_word' id='word_1_65' title='bbox 456 1291 582 1354; x_wconf 81' lang='lat' dir='ltr'><strong>virtutis</strong></span> <span class='ocrx_word' id='word_1_66' title='bbox 604 1291 678 1375; x_wconf 81' lang='lat' dir='ltr'><strong>pars</strong></span> <span class='ocrx_word' id='word_1_67' title='bbox 701 1296 749 1354; x_wconf 89' lang='lat' dir='ltr'><strong>est</strong></span> <span class='ocrx_word' id='word_1_68' title='bbox 769 1288 882 1371; x_wconf 87' lang='lat' dir='ltr'><strong>pietas.</strong></span> <span class='ocrx_word' id='word_1_69' title='bbox 919 1287 966 1354; x_wconf 88' lang='lat' dir='ltr'><strong>Cl.</strong></span> <span class='ocrx_word' id='word_1_70' title='bbox 990 1282 1208 1374; x_wconf 81' lang='lat' dir='ltr'><strong>Euthyplrron.</strong></span> <span class='ocrx_word' id='word_1_71' title='bbox 1232 1310 1264 1375; x_wconf 90' lang='lat' dir='ltr'><strong>p.</strong></span> 
     </span>
     <span class='ocr_line' id='line_1_10' title="bbox 82 1384 1269 1482; baseline -0.001 -23"><span class='ocrx_word' id='word_1_72' title='bbox 82 1397 133 1459; x_wconf 80' lang='lat' dir='ltr'><strong>ta.</strong></span> <span class='ocrx_word' id='word_1_73' title='bbox 157 1395 243 1458; x_wconf 85' lang='lat' dir='ltr'><strong>med.</strong></span> <span class='ocrx_word' id='word_1_74' title='bbox 271 1388 302 1458; x_wconf 78' lang='grc' dir='ltr'><strong>εἰ</strong></span> <span class='ocrx_word' id='word_1_75' title='bbox 325 1389 391 1482; x_wconf 74' lang='grc' dir='ltr'><strong>γὰρ</strong></span> <span class='ocrx_word' id='word_1_76' title='bbox 419 1396 519 1482; x_wconf 80' lang='grc' dir='ltr'><em>μέρος</em></span> <span class='ocrx_word' id='word_1_77' title='bbox 545 1389 583 1458; x_wconf 82' lang='grc' dir='ltr'><strong>τὸ</strong></span> <span class='ocrx_word' id='word_1_78' title='bbox 605 1384 700 1458; x_wconf 75' lang='grc' dir='ltr'><em>ὅσιον</em></span> <span class='ocrx_word' id='word_1_79' title='bbox 725 1392 796 1458; x_wconf 63' lang='grc' dir='ltr'><strong>τοῦ</strong></span> <span class='ocrx_word' id='word_1_80' title='bbox 810 1391 951 1471; x_wconf 74' lang='grc' dir='ltr'><strong>δικαίου,</strong></span> <span class='ocrx_word' id='word_1_81' title='bbox 975 1415 1003 1458; x_wconf 83' lang='grc' dir='ltr'><strong>κ.</strong></span> <span class='ocrx_word' id='word_1_82' title='bbox 1026 1416 1053 1458; x_wconf 79' lang='grc' dir='ltr'><strong>τ.</strong></span> <span class='ocrx_word' id='word_1_83' title='bbox 1079 1393 1102 1457; x_wconf 80' lang='lat' dir='ltr'><strong>i.</strong></span> <span class='ocrx_word' id='word_1_84' title='bbox 1125 1393 1203 1458; x_wconf 83' lang='lat' dir='ltr'><strong>ibid.</strong></span> <span class='ocrx_word' id='word_1_85' title='bbox 1226 1396 1269 1460; x_wconf 79' lang='lat' dir='ltr'><strong>E.-</strong></span> 
     </span>
     <span class='ocr_line' id='line_1_11' title="bbox 85 1485 1269 1583; baseline -0.002 -21"><span class='ocrx_word' id='word_1_86' title='bbox 85 1497 196 1562; x_wconf 81' lang='grc' dir='ltr'><em>Τοῦτο</em></span> <span class='ocrx_word' id='word_1_87' title='bbox 225 1496 335 1564; x_wconf 75' lang='lat' dir='ltr'><strong>coiaco</strong></span> <span class='ocrx_word' id='word_1_88' title='bbox 358 1495 467 1582; x_wconf 76' lang='grc' dir='ltr'><em>ἔμοιγε</em></span> <span class='ocrx_word' id='word_1_89' title='bbox 495 1498 589 1562; x_wconf 80' lang='grc' dir='ltr'><em>δοκοῖ</em></span> <span class='ocrx_word' id='word_1_90' title='bbox 612 1493 651 1562; x_wconf 80' lang='grc' dir='ltr'><strong>τὸ</strong></span> <span class='ocrx_word' id='word_1_91' title='bbox 674 1499 776 1583; x_wconf 75' lang='grc' dir='ltr'><em>μέρος</em></span> <span class='ocrx_word' id='word_1_92' title='bbox 798 1496 858 1562; x_wconf 82' lang='grc' dir='ltr'><strong>τοῦ</strong></span> <span class='ocrx_word' id='word_1_93' title='bbox 881 1496 1013 1562; x_wconf 75' lang='lat' dir='ltr'><strong>dtaolov</strong></span> <span class='ocrx_word' id='word_1_94' title='bbox 1034 1485 1118 1562; x_wconf 74' lang='lat' dir='ltr'><strong>citor</strong></span> <span class='ocrx_word' id='word_1_95' title='bbox 1140 1491 1269 1581; x_wconf 71' lang='grc' dir='ltr'><strong>εὐσεβές</strong></span> 
     </span>
     <span class='ocr_line' id='line_1_12' title="bbox 81 1589 1266 1687; baseline -0.003 -21"><span class='ocrx_word' id='word_1_96' title='bbox 81 1626 113 1666; x_wconf 81' lang='grc' dir='ltr'><strong>τε</strong></span> <span class='ocrx_word' id='word_1_97' title='bbox 136 1604 193 1666; x_wconf 81' lang='grc' dir='ltr'><strong>καὶ</strong></span> <span class='ocrx_word' id='word_1_98' title='bbox 209 1589 314 1679; x_wconf 79' lang='grc' dir='ltr'><em>ὅσιον,</em></span> <span class='ocrx_word' id='word_1_99' title='bbox 337 1595 375 1664; x_wconf 85' lang='grc' dir='ltr'><strong>τὸ</strong></span> <span class='ocrx_word' id='word_1_100' title='bbox 397 1605 469 1685; x_wconf 79' lang='grc' dir='ltr'><strong><em>περὶ</em></strong></span> <span class='ocrx_word' id='word_1_101' title='bbox 493 1596 638 1680; x_wconf 78' lang='grc' dir='ltr'><em>τὴντῶν</em></span> <span class='ocrx_word' id='word_1_102' title='bbox 661 1600 752 1666; x_wconf 74' lang='grc' dir='ltr'><strong>θεῶν</strong></span> <span class='ocrx_word' id='word_1_103' title='bbox 774 1600 970 1687; x_wconf 76' lang='grc' dir='ltr'><strong><em>θεραπείαν.</em></strong></span> <span class='ocrx_word' id='word_1_104' title='bbox 992 1594 1031 1664; x_wconf 84' lang='grc' dir='ltr'><strong>τὸ</strong></span> <span class='ocrx_word' id='word_1_105' title='bbox 1054 1600 1089 1666; x_wconf 82' lang='grc' dir='ltr'><strong>δὲ</strong></span> <span class='ocrx_word' id='word_1_106' title='bbox 1112 1605 1185 1685; x_wconf 80' lang='grc' dir='ltr'><strong>περὶ</strong></span> <span class='ocrx_word' id='word_1_107' title='bbox 1208 1597 1266 1678; x_wconf 74' lang='grc' dir='ltr'><strong>τὴν</strong></span> 
     </span>
     <span class='ocr_line' id='line_1_13' title="bbox 82 1692 1267 1789; baseline 0 -21"><span class='ocrx_word' id='word_1_108' title='bbox 82 1704 144 1768; x_wconf 82' lang='grc' dir='ltr'><strong>τῶν</strong></span> <span class='ocrx_word' id='word_1_109' title='bbox 168 1696 360 1788; x_wconf 75' lang='grc' dir='ltr'><strong>ἀνθρώπων</strong></span> <span class='ocrx_word' id='word_1_110' title='bbox 382 1699 560 1777; x_wconf 82' lang='grc' dir='ltr'><em>τὸ,λοιπόν</em></span> <span class='ocrx_word' id='word_1_111' title='bbox 582 1692 666 1768; x_wconf 74' lang='grc' dir='ltr'><strong><em>εἶναι</em></strong></span> <span class='ocrx_word' id='word_1_112' title='bbox 689 1703 748 1768; x_wconf 83' lang='grc' dir='ltr'><strong>τοῦ</strong></span> <span class='ocrx_word' id='word_1_113' title='bbox 770 1705 902 1768; x_wconf 84' lang='grc' dir='ltr'><em>δικαίου</em></span> <span class='ocrx_word' id='word_1_114' title='bbox 919 1705 1028 1789; x_wconf 69' lang='grc' dir='ltr'><em>μέρος.</em></span> <span class='ocrx_word' id='word_1_115' title='bbox 1071 1705 1179 1768; x_wconf 84' lang='lat' dir='ltr'><strong>Altera</strong></span> <span class='ocrx_word' id='word_1_116' title='bbox 1194 1725 1267 1786; x_wconf 89' lang='lat' dir='ltr'><strong>pars</strong></span> 
     </span>
     <span class='ocr_line' id='line_1_14' title="bbox 80 1805 1267 1891; baseline 0 -19"><span class='ocrx_word' id='word_1_117' title='bbox 80 1805 173 1872; x_wconf 89' lang='lat' dir='ltr'><strong>huius</strong></span> <span class='ocrx_word' id='word_1_118' title='bbox 197 1807 429 1891; x_wconf 81' lang='lat' dir='ltr'><strong>disputationis,</strong></span> <span class='ocrx_word' id='word_1_119' title='bbox 454 1827 535 1890; x_wconf 87' lang='lat' dir='ltr'><strong>quae</strong></span> <span class='ocrx_word' id='word_1_120' title='bbox 558 1807 707 1874; x_wconf 76' lang='lat' dir='ltr'><strong>virtutem</strong></span> <span class='ocrx_word' id='word_1_121' title='bbox 730 1809 898 1870; x_wconf 83' lang='lat' dir='ltr'><strong>humanam</strong></span> <span class='ocrx_word' id='word_1_122' title='bbox 923 1812 1044 1891; x_wconf 89' lang='lat' dir='ltr'><strong>spectat</strong></span> <span class='ocrx_word' id='word_1_123' title='bbox 1065 1808 1161 1872; x_wconf 87' lang='lat' dir='ltr'><strong>tertio</strong></span> <span class='ocrx_word' id='word_1_124' title='bbox 1184 1805 1267 1872; x_wconf 84' lang='lat' dir='ltr'><strong>libro</strong></span> 
     </span>
     <span class='ocr_line' id='line_1_15' title="bbox 82 1907 1269 1994; baseline -0.001 -18"><span class='ocrx_word' id='word_1_125' title='bbox 82 1915 277 1977; x_wconf 85' lang='lat' dir='ltr'><strong>reservatur.</strong></span> <span class='ocrx_word' id='word_1_126' title='bbox 325 1911 472 1975; x_wconf 86' lang='lat' dir='ltr'><strong>Continet</strong></span> <span class='ocrx_word' id='word_1_127' title='bbox 493 1909 589 1994; x_wconf 86' lang='lat' dir='ltr'><strong>igitur</strong></span> <span class='ocrx_word' id='word_1_128' title='bbox 610 1908 766 1974; x_wconf 91' lang='lat' dir='ltr'><strong>secundus</strong></span> <span class='ocrx_word' id='word_1_129' title='bbox 789 1907 869 1974; x_wconf 89' lang='lat' dir='ltr'><strong>liher</strong></span> <span class='ocrx_word' id='word_1_130' title='bbox 891 1909 1134 1992; x_wconf 88' lang='lat' dir='ltr'><strong>disputationem</strong></span> <span class='ocrx_word' id='word_1_131' title='bbox 1150 1913 1189 1975; x_wconf 90' lang='lat' dir='ltr'><strong>de</strong></span> <span class='ocrx_word' id='word_1_132' title='bbox 1210 1913 1269 1974; x_wconf 92' lang='lat' dir='ltr'><strong>ho·</strong></span> 
     </span>
     <span class='ocr_line' id='line_1_16' title="bbox 82 2010 1268 2101; baseline 0.003 -23"><span class='ocrx_word' id='word_1_133' title='bbox 82 2015 203 2078; x_wconf 91' lang='lat' dir='ltr'><strong>minum</strong></span> <span class='ocrx_word' id='word_1_134' title='bbox 232 2010 384 2078; x_wconf 88' lang='lat' dir='ltr'><strong>classibus</strong></span> <span class='ocrx_word' id='word_1_135' title='bbox 414 2033 491 2097; x_wconf 90' lang='lat' dir='ltr'><strong>quas</strong></span> <span class='ocrx_word' id='word_1_136' title='bbox 519 2015 624 2078; x_wconf 87' lang='lat' dir='ltr'><strong>inesse</strong></span> <span class='ocrx_word' id='word_1_137' title='bbox 651 2015 685 2079; x_wconf 91' lang='lat' dir='ltr'><strong>in</strong></span> <span class='ocrx_word' id='word_1_138' title='bbox 716 2012 842 2079; x_wconf 83' lang='lat' dir='ltr'><strong>civitate</strong></span> <span class='ocrx_word' id='word_1_139' title='bbox 875 2020 1047 2101; x_wconf 85' lang='lat' dir='ltr'><strong>oporteat,</strong></span> <span class='ocrx_word' id='word_1_140' title='bbox 1086 2020 1118 2082; x_wconf 88' lang='lat' dir='ltr'><strong>et</strong></span> <span class='ocrx_word' id='word_1_141' title='bbox 1151 2015 1268 2082; x_wconf 81' lang='lat' dir='ltr'><strong>civium</strong></span> 
     </span>
     <span class='ocr_line' id='line_1_17' title="bbox 85 2116 591 2200; baseline 0 -18"><span class='ocrx_word' id='word_1_142' title='bbox 85 2116 280 2188; x_wconf 85' lang='lat' dir='ltr'><strong>educationis</strong></span> <span class='ocrx_word' id='word_1_143' title='bbox 302 2124 425 2200; x_wconf 86' lang='lat' dir='ltr'><strong>partem</strong></span> <span class='ocrx_word' id='word_1_144' title='bbox 448 2118 591 2182; x_wconf 89' lang='lat' dir='ltr'><strong>alteram.</strong></span> 
     </span>
    </p>
   </div>
   <div class='ocr_carea' id='block_1_3' title="bbox 168 2219 1360 2305">
    <p class='ocr_par' dir='ltr' id='par_1_3' title="bbox 168 2219 1360 2305">
     <span class='ocr_line' id='line_1_18' title="bbox 168 2219 1360 2305; baseline 0.003 -19"><span class='ocrx_word' id='word_1_145' title='bbox 168 2225 214 2286; x_wconf 82' lang='lat' dir='ltr'><strong>Ac</strong></span> <span class='ocrx_word' id='word_1_146' title='bbox 236 2219 371 2286; x_wconf 84' lang='lat' dir='ltr'><strong>fortasse</strong></span> <span class='ocrx_word' id='word_1_147' title='bbox 392 2225 454 2286; x_wconf 92' lang='lat' dir='ltr'><strong>hoc</strong></span> <span class='ocrx_word' id='word_1_148' title='bbox 475 2220 546 2285; x_wconf 91' lang='lat' dir='ltr'><strong>loco</strong></span> <span class='ocrx_word' id='word_1_149' title='bbox 570 2221 640 2305; x_wconf 88' lang='lat' dir='ltr'><strong>quis</strong></span> <span class='ocrx_word' id='word_1_150' title='bbox 667 2230 815 2305; x_wconf 88' lang='lat' dir='ltr'><strong>quaerat,</strong></span> <span class='ocrx_word' id='word_1_151' title='bbox 849 2240 906 2285; x_wconf 89' lang='lat' dir='ltr'><strong>cur</strong></span> <span class='ocrx_word' id='word_1_152' title='bbox 935 2224 1017 2285; x_wconf 89' lang='lat' dir='ltr'><strong>hanc</strong></span> <span class='ocrx_word' id='word_1_153' title='bbox 1046 2219 1268 2304; x_wconf 81' lang='lat' dir='ltr'><strong>disputationis</strong></span> <span class='ocrx_word' id='word_1_154' title='bbox 1357 2251 1360 2260; x_wconf 94' lang='lat'><em>·</em></span> 
     </span>
    </p>
   </div>
   <div class='ocr_carea' id='block_1_4' title="bbox 78 2325 1269 4382">
    <p class='ocr_par' dir='ltr' id='par_1_4' title="bbox 78 2325 1269 4382">
     <span class='ocr_line' id='line_1_19' title="bbox 82 2325 1268 2410; baseline 0.002 -22"><span class='ocrx_word' id='word_1_155' title='bbox 82 2332 205 2410; x_wconf 89' lang='lat' dir='ltr'><strong>partem</strong></span> <span class='ocrx_word' id='word_1_156' title='bbox 229 2344 247 2388; x_wconf 92' lang='lat' dir='ltr'><strong>a</strong></span> <span class='ocrx_word' id='word_1_157' title='bbox 268 2325 376 2407; x_wconf 89' lang='lat' dir='ltr'><strong>priore</strong></span> <span class='ocrx_word' id='word_1_158' title='bbox 399 2326 574 2389; x_wconf 86' lang='lat' dir='ltr'><strong>seiunxerit</strong></span> <span class='ocrx_word' id='word_1_159' title='bbox 595 2329 725 2390; x_wconf 78' lang='lat' dir='ltr'><strong>auctori</strong></span> <span class='ocrx_word' id='word_1_160' title='bbox 748 2328 877 2390; x_wconf 88' lang='lat' dir='ltr'><strong>Factum</strong></span> <span class='ocrx_word' id='word_1_161' title='bbox 898 2326 931 2389; x_wconf 91' lang='lat' dir='ltr'><strong>id</strong></span> <span class='ocrx_word' id='word_1_162' title='bbox 954 2331 1001 2389; x_wconf 88' lang='lat' dir='ltr'><strong>est</strong></span> <span class='ocrx_word' id='word_1_163' title='bbox 1022 2333 1153 2408; x_wconf 90' lang='lat' dir='ltr'><strong>propter</strong></span> <span class='ocrx_word' id='word_1_164' title='bbox 1174 2348 1268 2410; x_wconf 86' lang='lat' dir='ltr'><strong>argu-</strong></span> 
     </span>
     <span class='ocr_line' id='line_1_20' title="bbox 83 2427 1267 2514; baseline 0.004 -23"><span class='ocrx_word' id='word_1_165' title='bbox 83 2430 180 2492; x_wconf 89' lang='lat' dir='ltr'><strong>menti</strong></span> <span class='ocrx_word' id='word_1_166' title='bbox 203 2428 399 2512; x_wconf 82' lang='lat' dir='ltr'><strong>gravitatem,</strong></span> <span class='ocrx_word' id='word_1_167' title='bbox 424 2435 455 2492; x_wconf 91' lang='lat' dir='ltr'><strong>et</strong></span> <span class='ocrx_word' id='word_1_168' title='bbox 476 2435 511 2491; x_wconf 89' lang='lat' dir='ltr'><strong>ut</strong></span> <span class='ocrx_word' id='word_1_169' title='bbox 533 2437 594 2493; x_wconf 91' lang='lat' dir='ltr'><strong>tam</strong></span> <span class='ocrx_word' id='word_1_170' title='bbox 617 2430 706 2512; x_wconf 88' lang='lat' dir='ltr'><strong>gravi</strong></span> <span class='ocrx_word' id='word_1_171' title='bbox 728 2451 763 2492; x_wconf 89' lang='lat' dir='ltr'><strong>re</strong></span> <span class='ocrx_word' id='word_1_172' title='bbox 786 2427 868 2494; x_wconf 88' lang='lat' dir='ltr'><strong>liber</strong></span> <span class='ocrx_word' id='word_1_173' title='bbox 880 2427 1091 2494; x_wconf 88' lang='lat' dir='ltr'><strong>clauderetur.</strong></span> <span class='ocrx_word' id='word_1_174' title='bbox 1124 2427 1170 2493; x_wconf 83' lang='lat' dir='ltr'><strong>Cf.</strong></span> <span class='ocrx_word' id='word_1_175' title='bbox 1185 2451 1267 2514; x_wconf 86' lang='lat' dir='ltr'><strong>qnae</strong></span> 
     </span>
     <span class='ocr_line' id='line_1_21' title="bbox 84 2531 1266 2617; baseline 0.003 -21"><span class='ocrx_word' id='word_1_176' title='bbox 84 2535 122 2614; x_wconf 85' lang='lat' dir='ltr'><strong>de¹</strong></span> <span class='ocrx_word' id='word_1_177' title='bbox 142 2533 195 2596; x_wconf 92' lang='lat' dir='ltr'><strong>his</strong></span> <span class='ocrx_word' id='word_1_178' title='bbox 219 2531 443 2596; x_wconf 89' lang='lat' dir='ltr'><strong>Stallhaumius</strong></span> <span class='ocrx_word' id='word_1_179' title='bbox 465 2551 540 2597; x_wconf 80' lang='lat' dir='ltr'><strong>rere</strong></span> <span class='ocrx_word' id='word_1_180' title='bbox 563 2533 741 2596; x_wconf 83' lang='lat' dir='ltr'><strong>adnotavit:</strong></span> <span class='ocrx_word' id='word_1_181' title='bbox 770 2535 941 2596; x_wconf 79' lang='lat' dir='ltr'><strong>«Ceterum</strong></span> <span class='ocrx_word' id='word_1_182' title='bbox 966 2534 1095 2617; x_wconf 86' lang='lat' dir='ltr'><strong>egregia</strong></span> <span class='ocrx_word' id='word_1_183' title='bbox 1117 2535 1196 2598; x_wconf 87' lang='lat' dir='ltr'><strong>haec</strong></span> <span class='ocrx_word' id='word_1_184' title='bbox 1219 2541 1266 2600; x_wconf 84' lang='lat' dir='ltr'><strong>est</strong></span> 
     </span>
     <span class='ocr_line' id='line_1_22' title="bbox 83 2632 1267 2722; baseline 0.003 -24"><span class='ocrx_word' id='word_1_185' title='bbox 83 2657 116 2700; x_wconf 91' lang='lat' dir='ltr'><strong>ac</strong></span> <span class='ocrx_word' id='word_1_186' title='bbox 139 2635 235 2721; x_wconf 88' lang='lat' dir='ltr'><strong>plane</strong></span> <span class='ocrx_word' id='word_1_187' title='bbox 258 2632 452 2699; x_wconf 89' lang='lat' dir='ltr'><strong>admirabilis</strong></span> <span class='ocrx_word' id='word_1_188' title='bbox 473 2635 657 2721; x_wconf 80' lang='lat' dir='ltr'><strong>philosophi</strong></span> <span class='ocrx_word' id='word_1_189' title='bbox 680 2637 720 2699; x_wconf 90' lang='lat' dir='ltr'><strong>de</strong></span> <span class='ocrx_word' id='word_1_190' title='bbox 735 2639 802 2700; x_wconf 89' lang='lat' dir='ltr'><strong>Deo</strong></span> <span class='ocrx_word' id='word_1_191' title='bbox 818 2634 999 2717; x_wconf 88' lang='lat' dir='ltr'><strong>disputatio.</strong></span> <span class='ocrx_word' id='word_1_192' title='bbox 1034 2639 1135 2700; x_wconf 88' lang='lat' dir='ltr'><strong>Docet</strong></span> <span class='ocrx_word' id='word_1_193' title='bbox 1149 2639 1267 2722; x_wconf 89' lang='lat' dir='ltr'><strong>quippe</strong></span> 
     </span>
     <span class='ocr_line' id='line_1_23' title="bbox 81 2737 1262 2824; baseline 0.003 -22"><span class='ocrx_word' id='word_1_194' title='bbox 81 2743 183 2803; x_wconf 86' lang='lat' dir='ltr'><strong>Deum</strong></span> <span class='ocrx_word' id='word_1_195' title='bbox 212 2751 316 2823; x_wconf 86' lang='lat' dir='ltr'><strong>neque</strong></span> <span class='ocrx_word' id='word_1_196' title='bbox 343 2738 459 2802; x_wconf 89' lang='lat' dir='ltr'><strong>mutari</strong></span> <span class='ocrx_word' id='word_1_197' title='bbox 478 2760 583 2824; x_wconf 84' lang='lat' dir='ltr'><strong>neque</strong></span> <span class='ocrx_word' id='word_1_198' title='bbox 604 2741 748 2804; x_wconf 89' lang='lat' dir='ltr'><strong>homines</strong></span> <span class='ocrx_word' id='word_1_199' title='bbox 768 2737 934 2804; x_wconf 84' lang='lat' dir='ltr'><strong>ludificari.</strong></span> <span class='ocrx_word' id='word_1_200' title='bbox 979 2739 1060 2804; x_wconf 88' lang='lat' dir='ltr'><strong>Illud</strong></span> <span class='ocrx_word' id='word_1_201' title='bbox 1084 2742 1168 2814; x_wconf 83' lang='lat' dir='ltr'><strong>enim</strong></span> <span class='ocrx_word' id='word_1_202' title='bbox 1190 2739 1262 2807; x_wconf 83' lang='lat' dir='ltr'><strong>[ieri</strong></span> 
     </span>
     <span class='ocr_line' id='line_1_24' title="bbox 81 2843 1268 2929; baseline 0.005 -24"><span class='ocrx_word' id='word_1_203' title='bbox 81 2849 256 2926; x_wconf 84' lang='lat' dir='ltr'><strong>propterea</strong></span> <span class='ocrx_word' id='word_1_204' title='bbox 277 2863 341 2908; x_wconf 88' lang='lat' dir='ltr'><strong>non</strong></span> <span class='ocrx_word' id='word_1_205' title='bbox 363 2863 470 2925; x_wconf 91' lang='lat' dir='ltr'><strong>posse,</strong></span> <span class='ocrx_word' id='word_1_206' title='bbox 495 2845 581 2926; x_wconf 88' lang='lat' dir='ltr'><strong>quod</strong></span> <span class='ocrx_word' id='word_1_207' title='bbox 604 2845 813 2914; x_wconf 83' lang='lat' dir='ltr'><strong>nomenoius</strong></span> <span class='ocrx_word' id='word_1_208' title='bbox 829 2845 869 2907; x_wconf 92' lang='lat' dir='ltr'><strong>sit</strong></span> <span class='ocrx_word' id='word_1_209' title='bbox 885 2843 1268 2929; x_wconf 82' lang='lat' dir='ltr'><strong>simplexideoqueuulli</strong></span> 
     </span>
     <span class='ocr_line' id='line_1_25' title="bbox 82 2944 1267 3033; baseline 0.005 -23"><span class='ocrx_word' id='word_1_210' title='bbox 82 2945 259 3010; x_wconf 82' lang='lat' dir='ltr'><strong>obnoxium</strong></span> <span class='ocrx_word' id='word_1_211' title='bbox 288 2948 474 3023; x_wconf 84' lang='lat' dir='ltr'><strong>mutationi3</strong></span> <span class='ocrx_word' id='word_1_212' title='bbox 503 2949 567 3011; x_wconf 89' lang='lat' dir='ltr'><strong>hoc</strong></span> <span class='ocrx_word' id='word_1_213' title='bbox 588 2953 693 3012; x_wconf 89' lang='lat' dir='ltr'><strong>autem</strong></span> <span class='ocrx_word' id='word_1_214' title='bbox 715 2944 876 3010; x_wconf 84' lang='lat' dir='ltr'><strong>adversari</strong></span> <span class='ocrx_word' id='word_1_215' title='bbox 899 2948 967 3012; x_wconf 90' lang='lat' dir='ltr'><strong>eius</strong></span> <span class='ocrx_word' id='word_1_216' title='bbox 989 2949 1173 3024; x_wconf 85' lang='lat' dir='ltr'><strong>veracitati,</strong></span> <span class='ocrx_word' id='word_1_217' title='bbox 1205 2971 1267 3033; x_wconf 86' lang='lat' dir='ltr'><strong>qua</strong></span> 
     </span>
     <span class='ocr_line' id='line_1_26' title="bbox 81 3047 1265 3142; baseline 0.005 -30"><span class='ocrx_word' id='word_1_218' title='bbox 81 3047 121 3112; x_wconf 90' lang='lat' dir='ltr'><strong>ah</strong></span> <span class='ocrx_word' id='word_1_219' title='bbox 151 3052 240 3113; x_wconf 89' lang='lat' dir='ltr'><strong>omni</strong></span> <span class='ocrx_word' id='word_1_220' title='bbox 269 3068 388 3133; x_wconf 79' lang='lat' dir='ltr'><strong>genere</strong></span> <span class='ocrx_word' id='word_1_221' title='bbox 417 3051 573 3115; x_wconf 86' lang='lat' dir='ltr'><strong>mendacii</strong></span> <span class='ocrx_word' id='word_1_222' title='bbox 595 3052 637 3114; x_wconf 89' lang='lat' dir='ltr'><strong>sit</strong></span> <span class='ocrx_word' id='word_1_223' title='bbox 657 3051 877 3114; x_wconf 88' lang='lat' dir='ltr'><strong>alienissimus.</strong></span> <span class='ocrx_word' id='word_1_224' title='bbox 922 3050 1011 3115; x_wconf 86' lang='lat' dir='ltr'><strong>Talia</strong></span> <span class='ocrx_word' id='word_1_225' title='bbox 1042 3050 1159 3142; x_wconf 84' lang='lat' dir='ltr'><strong>legonti</strong></span> <span class='ocrx_word' id='word_1_226' title='bbox 1188 3055 1265 3118; x_wconf 91' lang='lat' dir='ltr'><strong>mihi</strong></span> 
     </span>
     <span class='ocr_line' id='line_1_27' title="bbox 80 3153 1264 3244; baseline 0.002 -26"><span class='ocrx_word' id='word_1_227' title='bbox 80 3153 189 3218; x_wconf 88' lang='lat' dir='ltr'><strong>nescio</strong></span> <span class='ocrx_word' id='word_1_228' title='bbox 219 3155 380 3244; x_wconf 83' lang='lat' dir='ltr'><strong>quomodo</strong></span> <span class='ocrx_word' id='word_1_229' title='bbox 411 3174 506 3236; x_wconf 88' lang='lat' dir='ltr'><strong>saepe</strong></span> <span class='ocrx_word' id='word_1_230' title='bbox 528 3174 660 3218; x_wconf 88' lang='lat' dir='ltr'><strong>numero</strong></span> <span class='ocrx_word' id='word_1_231' title='bbox 682 3156 714 3218; x_wconf 92' lang='lat' dir='ltr'><strong>in</strong></span> <span class='ocrx_word' id='word_1_232' title='bbox 737 3161 874 3218; x_wconf 89' lang='lat' dir='ltr'><strong>mentem</strong></span> <span class='ocrx_word' id='word_1_233' title='bbox 897 3156 1027 3219; x_wconf 89' lang='lat' dir='ltr'><strong>veniunt</strong></span> <span class='ocrx_word' id='word_1_234' title='bbox 1048 3153 1102 3218; x_wconf 90' lang='lat' dir='ltr'><strong>illa</strong></span> <span class='ocrx_word' id='word_1_235' title='bbox 1123 3159 1264 3221; x_wconf 71' lang='lat' dir='ltr'><strong>Erasini:</strong></span> 
     </span>
     <span class='ocr_line' id='line_1_28' title="bbox 83 3254 1267 3344; baseline 0.008 -28"><span class='ocrx_word' id='word_1_236' title='bbox 83 3257 216 3320; x_wconf 82' lang='lat' dir='ltr'><strong>«Sacris</strong></span> <span class='ocrx_word' id='word_1_237' title='bbox 249 3254 376 3341; x_wconf 88' lang='lat' dir='ltr'><strong>quidem</strong></span> <span class='ocrx_word' id='word_1_238' title='bbox 406 3258 507 3321; x_wconf 88' lang='lat' dir='ltr'><strong>literis</strong></span> <span class='ocrx_word' id='word_1_239' title='bbox 541 3255 660 3341; x_wconf 91' lang='lat' dir='ltr'><strong>ubique</strong></span> <span class='ocrx_word' id='word_1_240' title='bbox 691 3259 794 3344; x_wconf 85' lang='lat' dir='ltr'><strong>prima</strong></span> <span class='ocrx_word' id='word_1_241' title='bbox 822 3260 957 3323; x_wconf 88' lang='lat' dir='ltr'><strong>debetur</strong></span> <span class='ocrx_word' id='word_1_242' title='bbox 986 3260 1173 3336; x_wconf 80' lang='lat' dir='ltr'><strong>auotoritas3</strong></span> <span class='ocrx_word' id='word_1_243' title='bbox 1211 3263 1267 3326; x_wconf 88' lang='lat' dir='ltr'><strong>sed</strong></span> 
     </span>
     <span class='ocr_line' id='line_1_29' title="bbox 80 3355 1268 3446; baseline 0.003 -22"><span class='ocrx_word' id='word_1_244' title='bbox 80 3367 187 3424; x_wconf 87' lang='lat' dir='ltr'><strong>tamen</strong></span> <span class='ocrx_word' id='word_1_245' title='bbox 219 3379 280 3445; x_wconf 92' lang='lat' dir='ltr'><strong>ego</strong></span> <span class='ocrx_word' id='word_1_246' title='bbox 308 3381 536 3444; x_wconf 85' lang='lat' dir='ltr'><strong>nonnunquam</strong></span> <span class='ocrx_word' id='word_1_247' title='bbox 558 3360 685 3425; x_wconf 82' lang='lat' dir='ltr'><strong>offendo</strong></span> <span class='ocrx_word' id='word_1_248' title='bbox 708 3365 863 3446; x_wconf 84' lang='lat' dir='ltr'><strong>quaedam</strong></span> <span class='ocrx_word' id='word_1_249' title='bbox 885 3362 936 3427; x_wconf 84' lang='lat' dir='ltr'><strong>vel</strong></span> <span class='ocrx_word' id='word_1_250' title='bbox 958 3355 1041 3426; x_wconf 87' lang='lat' dir='ltr'><strong>diota</strong></span> <span class='ocrx_word' id='word_1_251' title='bbox 1063 3383 1081 3426; x_wconf 92' lang='lat' dir='ltr'><strong>a</strong></span> <span class='ocrx_word' id='word_1_252' title='bbox 1104 3365 1268 3428; x_wconf 89' lang='lat' dir='ltr'><strong>veteribus</strong></span> 
     </span>
     <span class='ocr_line' id='line_1_30' title="bbox 80 3463 1266 3548; baseline 0.002 -20"><span class='ocrx_word' id='word_1_253' title='bbox 80 3463 130 3528; x_wconf 87' lang='lat' dir='ltr'><strong>vel</strong></span> <span class='ocrx_word' id='word_1_254' title='bbox 154 3465 272 3546; x_wconf 85' lang='lat' dir='ltr'><strong>scripta</strong></span> <span class='ocrx_word' id='word_1_255' title='bbox 294 3465 334 3527; x_wconf 89' lang='lat' dir='ltr'><strong>ah</strong></span> <span class='ocrx_word' id='word_1_256' title='bbox 359 3465 503 3539; x_wconf 87' lang='lat' dir='ltr'><strong>ethnicis,</strong></span> <span class='ocrx_word' id='word_1_257' title='bbox 528 3466 753 3548; x_wconf 76' lang='lat' dir='ltr'><strong>etiampoitis,</strong></span> <span class='ocrx_word' id='word_1_258' title='bbox 777 3472 841 3529; x_wconf 90' lang='lat' dir='ltr'><strong>tam</strong></span> <span class='ocrx_word' id='word_1_259' title='bbox 858 3473 954 3541; x_wconf 87' lang='lat' dir='ltr'><strong>caste,</strong></span> <span class='ocrx_word' id='word_1_260' title='bbox 979 3473 1043 3531; x_wconf 87' lang='lat' dir='ltr'><strong>tam</strong></span> <span class='ocrx_word' id='word_1_261' title='bbox 1059 3474 1177 3541; x_wconf 85' lang='lat' dir='ltr'><strong>sancte,</strong></span> <span class='ocrx_word' id='word_1_262' title='bbox 1202 3474 1266 3531; x_wconf 90' lang='lat' dir='ltr'><strong>tam</strong></span> 
     </span>
     <span class='ocr_line' id='line_1_31' title="bbox 80 3569 1265 3655; baseline 0.003 -24"><span class='ocrx_word' id='word_1_263' title='bbox 80 3569 256 3641; x_wconf 88' lang='lat' dir='ltr'><strong>divinitus,</strong></span> <span class='ocrx_word' id='word_1_264' title='bbox 273 3572 309 3630; x_wconf 88' lang='lat' dir='ltr'><strong>ut</strong></span> <span class='ocrx_word' id='word_1_265' title='bbox 330 3569 408 3630; x_wconf 89' lang='lat' dir='ltr'><strong>mihi</strong></span> <span class='ocrx_word' id='word_1_266' title='bbox 431 3588 495 3631; x_wconf 88' lang='lat' dir='ltr'><strong>non</strong></span> <span class='ocrx_word' id='word_1_267' title='bbox 517 3569 637 3649; x_wconf 86' lang='lat' dir='ltr'><strong>possim</strong></span> <span class='ocrx_word' id='word_1_268' title='bbox 659 3571 869 3650; x_wconf 89' lang='lat' dir='ltr'><strong>persuadere,</strong></span> <span class='ocrx_word' id='word_1_269' title='bbox 895 3569 971 3653; x_wconf 88' lang='lat' dir='ltr'><strong>quin</strong></span> <span class='ocrx_word' id='word_1_270' title='bbox 993 3579 1102 3655; x_wconf 87' lang='lat' dir='ltr'><strong>pectus</strong></span> <span class='ocrx_word' id='word_1_271' title='bbox 1121 3570 1265 3645; x_wconf 89' lang='lat' dir='ltr'><strong>illorum,</strong></span> 
     </span>
     <span class='ocr_line' id='line_1_32' title="bbox 80 3669 1269 3756; baseline 0.003 -22"><span class='ocrx_word' id='word_1_272' title='bbox 80 3692 181 3755; x_wconf 86' lang='lat' dir='ltr'><strong>quum</strong></span> <span class='ocrx_word' id='word_1_273' title='bbox 203 3671 257 3734; x_wconf 90' lang='lat' dir='ltr'><strong>illa</strong></span> <span class='ocrx_word' id='word_1_274' title='bbox 280 3669 468 3745; x_wconf 89' lang='lat' dir='ltr'><strong>scriberent,</strong></span> <span class='ocrx_word' id='word_1_275' title='bbox 492 3690 610 3736; x_wconf 89' lang='lat' dir='ltr'><strong>numen</strong></span> <span class='ocrx_word' id='word_1_276' title='bbox 632 3669 760 3754; x_wconf 90' lang='lat' dir='ltr'><strong>aliquod</strong></span> <span class='ocrx_word' id='word_1_277' title='bbox 782 3675 903 3738; x_wconf 90' lang='lat' dir='ltr'><strong>honum</strong></span> <span class='ocrx_word' id='word_1_278' title='bbox 925 3672 1098 3756; x_wconf 76' lang='lat' dir='ltr'><strong>agitaverit</strong></span> <span class='ocrx_word' id='word_1_279' title='bbox 1141 3676 1182 3736; x_wconf 89' lang='lat' dir='ltr'><strong>Et</strong></span> <span class='ocrx_word' id='word_1_280' title='bbox 1202 3674 1269 3737; x_wconf 86' lang='lat' dir='ltr'><strong>for-</strong></span> 
     </span>
     <span class='ocr_line' id='line_1_33' title="bbox 79 3772 1265 3860; baseline 0 -21"><span class='ocrx_word' id='word_1_281' title='bbox 79 3782 165 3839; x_wconf 87' lang='lat' dir='ltr'><strong>tasse</strong></span> <span class='ocrx_word' id='word_1_282' title='bbox 192 3773 284 3838; x_wconf 91' lang='lat' dir='ltr'><strong>latius</strong></span> <span class='ocrx_word' id='word_1_283' title='bbox 312 3796 346 3838; x_wconf 87' lang='lat' dir='ltr'><strong>se</strong></span> <span class='ocrx_word' id='word_1_284' title='bbox 374 3772 477 3838; x_wconf 82' lang='lat' dir='ltr'><strong>fundit</strong></span> <span class='ocrx_word' id='word_1_285' title='bbox 507 3773 637 3859; x_wconf 88' lang='lat' dir='ltr'><strong>spiritus</strong></span> <span class='ocrx_word' id='word_1_286' title='bbox 668 3774 780 3840; x_wconf 86' lang='lat' dir='ltr'><strong>Christi</strong></span> <span class='ocrx_word' id='word_1_287' title='bbox 804 3797 898 3859; x_wconf 87' lang='lat' dir='ltr'><strong>quarn</strong></span> <span class='ocrx_word' id='word_1_288' title='bbox 921 3795 980 3839; x_wconf 94' lang='lat' dir='ltr'><strong>nos</strong></span> <span class='ocrx_word' id='word_1_289' title='bbox 1002 3774 1265 3860; x_wconf 81' lang='lat' dir='ltr'><strong>interpretamur,</strong></span> 
     </span>
     <span class='ocr_line' id='line_1_34' title="bbox 79 3877 1268 3964; baseline 0.001 -22"><span class='ocrx_word' id='word_1_290' title='bbox 79 3877 226 3942; x_wconf 86' lang='lat' dir='ltr'><strong>etmulti</strong></span> <span class='ocrx_word' id='word_1_291' title='bbox 248 3877 375 3942; x_wconf 86' lang='lat' dir='ltr'><strong>suntin</strong></span> <span class='ocrx_word' id='word_1_292' title='bbox 398 3879 558 3942; x_wconf 87' lang='lat' dir='ltr'><strong>consortio</strong></span> <span class='ocrx_word' id='word_1_293' title='bbox 582 3886 772 3962; x_wconf 82' lang='lat' dir='ltr'><strong>sanctorum,</strong></span> <span class='ocrx_word' id='word_1_294' title='bbox 796 3881 850 3964; x_wconf 90' lang='lat' dir='ltr'><strong>qui</strong></span> <span class='ocrx_word' id='word_1_295' title='bbox 872 3893 937 3942; x_wconf 88' lang='lat' dir='ltr'><strong>non</strong></span> <span class='ocrx_word' id='word_1_296' title='bbox 959 3887 1031 3943; x_wconf 90' lang='lat' dir='ltr'><strong>sunt</strong></span> <span class='ocrx_word' id='word_1_297' title='bbox 1054 3877 1139 3962; x_wconf 91' lang='lat' dir='ltr'><strong>apud</strong></span> <span class='ocrx_word' id='word_1_298' title='bbox 1160 3899 1219 3944; x_wconf 92' lang='lat' dir='ltr'><strong>nos</strong></span> <span class='ocrx_word' id='word_1_299' title='bbox 1234 3881 1268 3943; x_wconf 90' lang='lat' dir='ltr'><strong>in</strong></span> 
     </span>
     <span class='ocr_line' id='line_1_35' title="bbox 78 3980 1268 4067; baseline 0 -21"><span class='ocrx_word' id='word_1_300' title='bbox 78 3984 262 4066; x_wconf 79' lang='lat' dir='ltr'><strong>catalogo.»</strong></span> <span class='ocrx_word' id='word_1_301' title='bbox 308 3983 398 4045; x_wconf 89' lang='lat' dir='ltr'><strong>Hanc</strong></span> <span class='ocrx_word' id='word_1_302' title='bbox 420 3980 516 4064; x_wconf 83' lang='lat' dir='ltr'><strong>igitur</strong></span> <span class='ocrx_word' id='word_1_303' title='bbox 538 3982 579 4045; x_wconf 90' lang='lat' dir='ltr'><strong>de</strong></span> <span class='ocrx_word' id='word_1_304' title='bbox 600 3984 667 4045; x_wconf 87' lang='lat' dir='ltr'><strong>Deo</strong></span> <span class='ocrx_word' id='word_1_305' title='bbox 691 3983 1028 4067; x_wconf 85' lang='lat' dir='ltr'><strong>disputationemsatis</strong></span> <span class='ocrx_word' id='word_1_306' title='bbox 1044 3981 1170 4067; x_wconf 84' lang='lat' dir='ltr'><strong>dignam</strong></span> <span class='ocrx_word' id='word_1_307' title='bbox 1186 3985 1268 4046; x_wconf 90' lang='lat' dir='ltr'><strong>iudi-</strong></span> 
     </span>
     <span class='ocr_line' id='line_1_36' title="bbox 79 4083 1269 4168; baseline 0 -20"><span class='ocrx_word' id='word_1_308' title='bbox 79 4083 166 4149; x_wconf 89' lang='lat' dir='ltr'><strong>cavit</strong></span> <span class='ocrx_word' id='word_1_309' title='bbox 194 4084 302 4159; x_wconf 90' lang='lat' dir='ltr'><strong>Plato,</strong></span> <span class='ocrx_word' id='word_1_310' title='bbox 333 4085 367 4148; x_wconf 93' lang='lat' dir='ltr'><strong>in</strong></span> <span class='ocrx_word' id='word_1_311' title='bbox 399 4105 462 4168; x_wconf 91' lang='lat' dir='ltr'><strong>qua</strong></span> <span class='ocrx_word' id='word_1_312' title='bbox 483 4086 729 4150; x_wconf 86' lang='lat' dir='ltr'><strong>immorarentur</strong></span> <span class='ocrx_word' id='word_1_313' title='bbox 748 4087 904 4150; x_wconf 87' lang='lat' dir='ltr'><strong>lectorum</strong></span> <span class='ocrx_word' id='word_1_314' title='bbox 926 4086 1038 4161; x_wconf 90' lang='lat' dir='ltr'><strong>animi,</strong></span> <span class='ocrx_word' id='word_1_315' title='bbox 1071 4096 1103 4149; x_wconf 91' lang='lat' dir='ltr'><strong>et</strong></span> <span class='ocrx_word' id='word_1_316' title='bbox 1124 4105 1269 4150; x_wconf 85' lang='lat' dir='ltr'><strong>necessa·</strong></span> 
     </span>
     <span class='ocr_line' id='line_1_37' title="bbox 78 4186 1268 4275; baseline 0 -21"><span class='ocrx_word' id='word_1_317' title='bbox 78 4191 166 4254; x_wconf 89' lang='lat' dir='ltr'><strong>rium</strong></span> <span class='ocrx_word' id='word_1_318' title='bbox 188 4189 321 4272; x_wconf 90' lang='lat' dir='ltr'><strong>putavit,</strong></span> <span class='ocrx_word' id='word_1_319' title='bbox 345 4194 381 4252; x_wconf 90' lang='lat' dir='ltr'><strong>ut</strong></span> <span class='ocrx_word' id='word_1_320' title='bbox 401 4186 451 4252; x_wconf 90' lang='lat' dir='ltr'><strong>his</strong></span> <span class='ocrx_word' id='word_1_321' title='bbox 473 4187 561 4252; x_wconf 89' lang='lat' dir='ltr'><strong>lectis</strong></span> <span class='ocrx_word' id='word_1_322' title='bbox 584 4190 715 4271; x_wconf 89' lang='lat' dir='ltr'><strong>paulum</strong></span> <span class='ocrx_word' id='word_1_323' title='bbox 737 4187 1031 4275; x_wconf 84' lang='lat' dir='ltr'><strong>interquiescerent.</strong></span> <span class='ocrx_word' id='word_1_324' title='bbox 1062 4190 1155 4267; x_wconf 85' lang='lat' dir='ltr'><strong>Quod</strong></span> <span class='ocrx_word' id='word_1_325' title='bbox 1170 4189 1268 4272; x_wconf 84' lang='lat' dir='ltr'><strong>igitur</strong></span> 
     </span>
     <span class='ocr_line' id='line_1_38' title="bbox 78 4289 1265 4382; baseline 0.003 -26"><span class='ocrx_word' id='word_1_326' title='bbox 78 4293 131 4356; x_wconf 87' lang='lat' dir='ltr'><strong>his</strong></span> <span class='ocrx_word' id='word_1_327' title='bbox 153 4289 272 4358; x_wconf 83' lang='lat' dir='ltr'><strong>librum</strong></span> <span class='ocrx_word' id='word_1_328' title='bbox 293 4289 406 4368; x_wconf 89' lang='lat' dir='ltr'><strong>finivit,</strong></span> <span class='ocrx_word' id='word_1_329' title='bbox 430 4295 619 4360; x_wconf 85' lang='lat' dir='ltr'><strong>documento</strong></span> <span class='ocrx_word' id='word_1_330' title='bbox 642 4295 739 4360; x_wconf 86' lang='lat' dir='ltr'><strong>dehet</strong></span> <span class='ocrx_word' id='word_1_331' title='bbox 753 4313 835 4370; x_wconf 83' lang='lat' dir='ltr'><strong>esse,</strong></span> <span class='ocrx_word' id='word_1_332' title='bbox 859 4300 974 4382; x_wconf 86' lang='lat' dir='ltr'><strong>quanta</strong></span> <span class='ocrx_word' id='word_1_333' title='bbox 988 4293 1157 4380; x_wconf 86' lang='lat' dir='ltr'><strong>prudentia</strong></span> <span class='ocrx_word' id='word_1_334' title='bbox 1165 4293 1265 4369; x_wconf 87' lang='lat' dir='ltr'><strong>Plato,</strong></span> 
     </span>
    </p>
   </div>
   <div class='ocr_carea' id='block_1_5' title="bbox 0 0 1660 5238">
    <p class='ocr_par' dir='ltr' id='par_1_5' title="bbox 0 0 1660 5238">
     <span class='ocr_line' id='line_1_39' title="bbox 0 0 1660 5238; baseline 0 0"><span class='ocrx_word' id='word_1_335' title='bbox 0 0 1660 5238; x_wconf 95' lang='lat' dir='ltr'><strong> </strong></span> 
     </span>
    </p>
   </div>
  </div>
 </body>
</html>
