3298 5232
857 441 900 458 -
934 407 1006 476 '228
1048 443 1091 456 -

379 560 550 657 τλῆσομεν,
573 565 642 653 ipsa
660 587 786 654 quoque
806 565 929 655 docent,
956 566 996 632 da
1013 563 1188 654 Republica
1204 563 1266 632 hoc
1282 565 1356 632 loco'
1375 585 1556 632 samonem

381 696 461 745 esse.
504 675 550 739 lta
576 675 660 738 enim
688 670 769 736 dicta
797 679 886 748 sunt,
921 672 1018 756 quasi
1039 691 1103 738 non
1132 691 1191 754 per
1218 668 1347 746 ludum,
1387 673 1444 736 sed
1474 669 1558 736 serio

380 783 459 862 haec
481 776 589 842 civitas
609 778 809 850 conderetur,
837 782 869 838 et
889 773 1070 860 philosophi
1094 794 1170 840 aare
1189 778 1228 840 ad
1254 775 1322 839 eius
1345 771 1559 858 gubernacula
1636 811 1637 820 ο

382 880 576 948 accederent.
620 877 715 946 Vides
738 878 834 963 igitur
854 877 913 946 hoc
935 876 1005 942 loco
1026 898 1091 941 non
1107 875 1147 941 de
1165 876 1290 943 ciuitate
1313 877 1416 944 solum
1438 896 1560 942 sermo-
1636 859 1637 892 ³

381 1007 454 1052 nem
478 1005 566 1060 esse,
593 981 650 1049 sed
673 984 715 1048 ita
736 981 855 1047 institui
874 1001 946 1046 eum
973 999 1170 1056 sermonem,
1208 988 1244 1046 ut
1263 979 1352 1047 Plato
1376 982 1415 1046 ah
1435 979 1560 1046 interna

380 1112 488 1155 rerum
517 1089 648 1155 veritate
680 1107 714 1151 se
746 1085 905 1150 interdum
933 1083 976 1149 ita
1000 1083 1102 1170 abripi
1127 1083 1224 1159 sinat,
1263 1087 1351 1170 quasi
1376 1088 1456 1148 haec
1483 1103 1558 1150 vere

380 1204 521 1281 agantur.
566 1193 729 1257 Civitatem
749 1188 846 1273 igitur
870 1187 950 1254 hanc
972 1187 1076 1252 animo
1101 1195 1134 1252 et
1154 1187 1343 1272 cogitatione
1366 1195 1558 1254 exstructam

379 1303 512 1375 videns,
540 1305 573 1362 et
594 1294 800 1382 philosophos
823 1293 855 1355 in
877 1313 915 1355 ea
937 1289 1149 1374 gubernacula
1171 1299 1329 1368 tenentes,
1359 1311 1486 1356 memor
1509 1313 1560 1356 ca·

379 1404 571 1470 lumniarum
594 1419 676 1482 quae
698 1397 730 1460 in
752 1385 984 1480 philosophiam
1007 1396 1248 1471 coniicereutur,
1273 1415 1383 1460 curam
1405 1393 1561 1460 adhihen-

382 1511 453 1574 dam
476 1525 545 1570 esse
567 1501 716 1575 declarat,
741 1497 881 1584 diligenti
904 1499 1141 1582 magistratuum
1160 1496 1325 1574 electione,
1349 1517 1389 1562 ne
1403 1498 1436 1564 id
1453 1497 1559 1564 denuo

379 1608 577 1701 philosophis
598 1603 726 1669 accidat.
769 1604 856 1666 Haec
875 1601 943 1687 ipsa
963 1600 1060 1686 igitur
1079 1599 1296 1687 philosophiae
1318 1600 1462 1667 defensio
1485 1623 1559 1668 eum

382 1722 414 1782 in
436 1714 532 1778 finem
552 1712 635 1774 facta
656 1714 720 1782 est,
756 1727 796 1770 ne
823 1705 893 1790 quis
915 1703 1073 1770 dubitaret
1095 1703 1169 1789 quin
1191 1703 1347 1771 eiusmodi
1368 1705 1429 1772 viri
1451 1705 1561 1792 reipu·
1637 1720 1638 1747 λ

380 1817 482 1885 hlieaa
503 1820 645 1881 rectores
666 1806 874 1875 constituendi
895 1809 966 1877 sint.
1010 1811 1155 1874 Cetemm
1186 1806 1369 1874 describens
1391 1807 1481 1876 Plato
1506 1831 1561 1874 cu·

381 1920 504 1989 stodnm
525 1914 668 2001 ingenia,
701 1915 817 1997 quihus
845 1919 957 1977 natura
986 1909 1122 1997 praediti
1151 1931 1220 1976 osse
1243 1914 1397 1989 debeant,
1426 1922 1461 1979 et
1481 1911 1559 1978 belli

380 2040 548 2092 munerum
569 2027 601 2084 et
621 2017 842 2103 philosophiae
863 2013 1038 2099 aequaliter
1060 2013 1216 2080 rationem
1242 2014 1356 2093 hahet,
1386 2025 1483 2102 atque
1516 2015 1560 2081 ita

380 2129 462 2194 hanc
483 2123 523 2190 de
543 2121 777 2206 magistratibus
799 2117 1062 2201 disputationem,
1095 2137 1166 2182 cum
1188 2118 1259 2184 idea
1279 2121 1374 2194 honi,
1407 2127 1560 2206 tanquam

382 2250 504 2298 summo
526 2225 718 2311 reipublicae
739 2220 896 2308 principio
918 2222 1097 2286 necessario
1112 2220 1331 2302 coniunctam,
1354 2223 1457 2307 priori
1479 2244 1561 2308 ope·

380 2336 426 2402 ris
448 2332 542 2420 parti,
567 2348 648 2414 qnae
670 2325 703 2390 in
724 2324 842 2390 iustitia
862 2331 1011 2410 tanquam
1032 2323 1236 2391 fundamento
1258 2326 1384 2403 nititur,
1408 2327 1558 2394 annectit

466 2442 545 2503 Tum
577 2432 789 2518 explicaturus
818 2429 891 2494 τίνοιΙ
920 2423 1044 2518 τρόπον
1071 2431 1185 2495 δοτέον
1213 2429 1266 2511 εἴη.
1290 2427 1333 2495 τά
1360 2426 1561 2558 μαθήματα

381 2543 488 2612 ταῦτα
515 2543 559 2604 ita
581 2536 686 2600 dicere
707 2531 835 2616 incipit.
866 2525 998 2597 τόδεδὲ
984 2528 1065 2618 ὲμὴ
1090 2527 1458 2621 ἐπιλανθανωμεθα,’
1448 2525 1505 2600 σ’τι
1530 2536 1563 2600 ἐν

381 2645 501 2739 pecte}
523 2643 669 2731 προτέρᾳ
691 2636 806 2729 ἐκλογῆ
827 2629 1013 2725 πρεσβύτας
1035 2634 1273 2724 ἐξελέγομεν,’
1258 2661 1291 2702 εν
1312 2638 1347 2702 δὲ
1370 2632 1474 2732 ταύτῃ
1500 2634 1562 2705 οὐκ
1638 2671 1639 2674 “

381 2741 598 2839 ἐγχωρήσει
563 2743 598 2828 Ἃ)
641 2734 777 2806 Σόλωνι
798 2736 862 2829 γάρ
885 2761 924 2803 ου
945 2740 1103 2813 πειστέον,
1126 2733 1169 2816 ὡς
1189 2734 1363 2862 γηράσκων
1382 2765 1434 2858 τις
1448 2738 1562 2810 πολλά

382 2847 523 2927 δυνατὸς
544 2839 747 2939 μανθάνειρ,
775 2836 844 2908 ἀλλ’
870 2831 983 2932 ἧττον,
1014 2837 1193 2931 ῆτρέγιιν
1226 2845 1306 2910 νέων
1327 2845 1363 2909 δὲ
1384 2838 1509 2923 πάντες
1532 2848 1564 2912 οἱ

381 2951 519 3046 μεγάλοι
546 2955 602 3017 καὶ
630 2951 662 3014 οἱ
683 2949 798 3014 πολλοὶ
820 2941 927 3011 πόνοι.
965 2939 1127 3029 Ἀνάγκη,
1159 2945 1233 3038 ἔφη.
1281 2943 1332 3012 Τὰ
1358 2953 1418 3032 μὲν
1447 2949 1565 3015 τοίνυν

381 3057 546 3147 λογισμῶν
579 3078 613 3120 τε
643 3055 697 3118 καὶ
726 3049 927 3137 γεωμετριῶν
954 3052 1009 3112 καὶ
1038 3041 1146 3129 πάσης
1168 3050 1225 3130 τῆς
1246 3050 1481 3169 προπαιδείας,
1524 3046 1565 3133 ἢν

381 3167 440 3246 τῆς
463 3156 667 3237 διαλεκτικῆς
688 3155 740 3220 δεῖ
757 3151 1065 3241 προπαιδευθῆναι,
1091 3157 1206 3218 παισὶν
1227 3149 1303 3219 osius
1321 3151 1385 3242 χρὴ
1406 3152 1564 3244 προβάλ-

382 3272 458 3347 λειν,
480 3259 540 3351 οὐχ
562 3256 605 3338 ὡς
626 3253 803 3341 επάναγκες
824 3257 951 3342 μαθεῖν
973 3250 1011 3319 τὸ
1033 3254 1144 3342 σχῆμα
1165 3255 1222 3337 τῆς
1244 3257 1380 3343 διδαχῆς
1399 3263 1564 3346 ποιουμέ-

380 3393 467 3492 νρυς.
515 3365 555 3432 Τί
584 3353 643 3444 δῆς
667 3352 758 3439 ‘',tltt
790 3357 830 3439 ῆν
852 3352 922 3423 δ’
907 3353 984 3443 εγὼ,
1013 3352 1110 3424 οὐδὲν
1077 3353 1291 3478 ὲμάδημα
1302 3356 1384 3446 μετά
1405 3363 1565 3443 δουλείας

381 3472 440 3542 τὸν
462 3465 639 3556 ἐλεύθερον
658 3460 721 3553 χρὴ
741 3455 940 3551 μανθάνειν.
969 3463 1001 3527 οἱ
1026 3467 1086 3546 μιν
1111 3458 1175 3550 γάρ
1204 3485 1263 3529 του
1285 3459 1437 3551 σώματος
1456 3463 1564 3536 πόνοι

381 3579 442 3668 βίον
462 3565 657 3658 πονούμενοι
676 3570 787 3655 χεῖρον
809 3559 903 3630 οὐδὲν
926 3587 963 3628 το
985 3563 1080 3650 σῶμα
1109 3560 1366 3687 ἀπεργάζονται,
1395 3569 1493 3663 ψυχῇ
1528 3575 1564 3638 δὲ

382 3679 494 3763 βίαιον
515 3671 644 3744 ονδέν
633 3671 773 3758 ε’μμονον
792 3664 956 3756 μάθημα
996 3663 1184 3750 ³”Alm‘irg
1165 3694 1239 3761 εφη
1281 3667 1342 3752 Ma)
1362 3671 1472 3739 τοίνυν
1488 3675 1565 3767 βία,

388 3851 627 3872 μι-Δ--ῤ

452 3959 474 4022 't
500 3959 571 4013 Num
592 3959 656 4023 qutd
676 3963 838 4022 potestesse
857 3959 992 4019 apertius,
1014 3968 1094 4020 quam
1114 3956 1185 4020 quod
1203 3961 1282 4010 antea
1300 3958 1433 4021 dtxtmns,
1452 3964 1564 4022 priores

385 4051 559 4117 Retpuhttcue
582 4049 663 4101 lthros
688 4054 805 4113 quatuor
823 4048 930 4098 atteram
949 4051 1052 4097 tantum
1069 4053 1170 4109 partem
1189 4059 1279 4098 eorum
1299 4060 1366 4113 quae
1385 4049 1418 4101 de
1437 4051 1565 4112 perlecta

386 4148 491 4198 ulutate
511 4139 621 4190 dicenda
641 4143 729 4190 essent
747 4139 898 4197 centtuere,
927 4143 954 4188 ct
971 4135 1142 4188 fundamenta
1160 4139 1262 4187 tantum
1281 4139 1361 4189 totius
1379 4141 1466 4202 operta
1490 4145 1565 4194 tacta

386 4231 459 4294 εἰεε,
491 4227 588 4295 qulbus
607 4229 708 4292 reliqna
727 4217 988 4290 supersederemus,
1015 4228 1098 4289 ipsam
1125 4227 1236 4279 etvttatts
1260 4227 1393 4290 perlectae
1411 4229 1565 4287 ahsolutto·

385 4337 457 4388 nem,
477 4335 499 4375 s.
519 4320 630 4374 ctvltatts
650 4319 784 4382 perlectae
802 4324 901 4382 partam
920 4316 1028 4370 atteram
1047 4315 1114 4368 lthro
1133 4315 1165 4370 V.
1185 4315 1231 4370 Vl.
1250 4317 1309 4371 vn.
1328 4319 1437 4373 inesse?
