3298 5232
552 379 782 448 „asa-

78 533 310 627 βανόμτνοι
336 532 592 622 δεδηλώκατε
618 534 784 630 μακρόν
815 543 882 614 καὶ
912 535 1097 627 χαλεπὴν
1132 534 1260 610 αὐτοῦ

78 641 156 725 τὴν
178 638 405 726 ἀπόδειξιν,
426 645 512 710 ἐαεὶ
532 648 601 712 καὶ
623 639 669 708 τό
689 638 836 722 λοιπόν
857 637 895 708 οὐ
918 637 1083 720 πόντος
1104 642 1261 733 ῥᾷστον

78 751 287 816 διελθεῖν.
336 744 389 814 Τὸ
410 751 550 828 τιοῑονς
581 745 687 822 ,Τι’να
710 739 868 836 τρόπον
888 748 1260 835 μεταχειριζομένη

76 847 204 929 πόλις
225 851 481 942 φιλοσοφίαν
505 845 550 916 οὐ
573 850 795 916 ὁιολεῑται.
840 845 909 914 Ta
930 845 1004 940 γὰρ
1027 846 1073 931 δὴ
1092 844 1261 936 μεγάλα

76 949 219 1022 πάντα
248 954 477 1040 ἐπισφαλῆ,
518 957 602 1033 καὶ,
640 945 959 1038 τὸλεγόμενον,
998 949 1048 1020 τόι
1076 949 1181 1032 cclcc
1209 953 1261 1045 τῷ

78 1055 179 1132 ὄντι
196 1052 365 1146 χαλεπά.
405 1051 508 1124 Ἀλλ’
534 1047 656 1142 όμας,
679 1053 771 1142 ἔφη,
793 1057 952 1140 λαβέτω
975 1059 1092 1134 τέλος
1113 1051 1133 1137 η“
1157 1050 1260 1130 ἀπό·

77 1160 210 1242 ὃειξις
237 1155 394 1228 τούτου
427 1159 613 1251 φανεροῦ
639 1161 877 1245 γενομένου.
929 1153 976 1226 (ld
1010 1155 1048 1226 τό
1075 1155 1123 1247 μὴ
1142 1153 1259 1246 βούλε-

77 1268 189 1343 σθαι,
204 1251 244 1345 ἦν
266 1258 296 1330 δ’
321 1257 392 1348 ἐγὼ,
414 1256 482 1328 ἀλλ’
508 1263 610 1348 εἴπερ,
634 1258 737 1350 τὸμὴ
761 1255 936 1336 δύνασθαι
957 1257 1168 1328 διακωλύσει·
1193 1288 1259 1330 ιτα·

76 1365 147 1455 ρών
161 1369 197 1434 δὲ
212 1363 270 1448 τὴν
295 1361 322 1450 γ’
347 1362 427 1452 ἐμὴν
447 1365 645 1456 προθυμίαν
668 1369 747 1458 εἴση.
777 1366 824 1435 cf.
846 1386 878 1451 p.
901 1367 982 1442 lere
998 1369 1036 1430 Α.
1061 1367 1108 1430 St.
1153 1366 1259 1446 Quum

76 1475 225 1538 socrum
260 1468 377 1551 nullam
406 1468 567 1538 civitatum
597 1490 696 1556 quae.
710 1467 773 1544 rint
801 1476 907 1555 aptam
939 1489 1009 1536 esse
1040 1471 1161 1536 diceret
1187 1469 1260 1556 pbi*

75 1573 234 1660 iosaphis,
266 1573 342 1640 nibil
372 1571 530 1658 reliquum
559 1579 645 1646 erat,
668 1593 789 1656 uuam,
805 1582 842 1640 ut
873 1580 928 1638 aut
956 1575 1153 1640 describeret
1187 1593 1258 1638 eam

75 1677 238 1745 civitatem
267 1697 348 1763 quae
380 1669 461 1761 apta
483 1683 583 1756 esset,
623 1682 676 1741 aut
708 1677 770 1742 iam
795 1675 988 1762 'descriptam
1017 1696 1086 1744 esse
1120 1675 1254 1744 diceret.

74 1786 125 1848 lta
149 1801 232 1848 nova
259 1783 299 1846 de
328 1778 452 1846 civitate
477 1778 603 1846 dicendi
626 1779 751 1846 occasio
772 1778 1008 1864 suppeditatur,
1036 1801 1108 1864 -qua
1128 1783 1173 1846 ita
1195 1779 1257 1846 nti-

75 1892 141 1960 tur,
161 1891 196 1952 ut
218 1882 298 1950 banc
320 1903 414 1950 unam
440 1903 508 1949 rem
527 1902 694 1968 superesse
715 1885 851 1969 diceret,
876 1881 1001 1968 ⁴dictam
1022 1881 1166 1968 quidem,
1196 1881 1252 1968 lib.

74 1990 131 2053 111.
152 2008 184 2073 p.
208 1990 290 2070 412,
325 1988 369 2062 C.,
397 1989 453 2064 scd
485 2007 551 2060 non
579 1987 653 2053 satis
679 1986 870 2073 explicatam
893 1995 1025 2073 propter
1051 1988 1197 2052 timorem
1223 1995 1261 2066 et,

75 2091 269 2176 quaestionis
301 2089 527 2168 dillicultulem.
586 2091 679 2170 Quod
710 2088 852 2166 simulari
885 2088 956 2176 quis
988 2110 1052 2159 non
1083 2090 1253 2178 intelligite

73 2193 220 2263 Potuisse
246 2215 283 2260 aa
307 2202 397 2260 antea
421 2215 485 2268 non
509 2193 674 2263 commode
696 2195 822 2263 tractari
844 2197 1145 2268 demonstravimus,
1174 2215 1253 2280 quo-

73 2296 163 2364 niam
190 2296 327 2383 primum
355 2297 524 2382 disputatio
550 2301 590 2364 de
612 2297 749 2367 iustitiae
771 2300 803 2363 vi
828 2319 865 2363 ac
890 2307 1000 2365 natura
1019 2297 1171 2366 adfinem
1198 2301 1253 2364 de-

74 2405 220 2467 ducenda
242 2408 275 2468 et
296 2402 527 2482 consulendum
545 2410 615 2468 erat
634 2404 770 2485 partium
792 2400 898 2480 ordini
917 2411 950 2466 et
972 2401 1160 2488 placitorum
1182 2421 1253 2487 per·

74 2505 244 2592 epicuitati.
289 2508 335 2570 lta
364 2525 427 2572 nun
449 2504 551 2572 solum
571 2512 700 2585 constat,
727 2507 889 2582 Socratem
910 2503 1103 2590 praevidisse
1124 2525 1253 2573 accura-

73 2612 137 2674 tius
171 2607 304 2674 dicenda
330 2629 400 2692 esse
429 2608 490 2688 ieta
523 2617 603 2694 q'uae
633 2611 695 2686 ianr
729 2618 881 2694 exponat,
915 2629 974 2674 nec
995 2605 1035 2674 ab
1061 2607 1167 2694 operis
1186 2607 1251 2685 fine

72 2713 179 2780 aliena
208 2712 416 2794 existimasse,
448 2710 507 2778 sed
526 2720 656 2798 apparet
679 2715 787 2788 etiam,
818 2717 895 2780 haec
917 2733 997 2800 quae
1020 2732 1102 2778 nunc
1124 2715 1164 2778 de
1189 2717 1251 2778 Re·

71 2815 203 2901 publica
230 2814 313 2882 dieat
337 2837 409 2882 cum
432 2814 474 2880 iis
503 2835 583 2902 quae
611 2824 709 2907 antea¹
732 2803 849 2884 dinerit
874 2815 1048 2882 arctissime
1075 2815 1249 2902 cohaerere

72 2929 107 2986 et
130 2920 286 2986 inunum
314 2919 533 3002 coniungenda
561 2939 645 2996 esse,
683 2922 799 3008 quippe
832 2919 948 3005 quibus
978 2919 1165 3006 expleantur
1192 2942 1247 2998 ea,

72 3044 157 3112 qnae
181 3033 271 3090 antea
295 3044 360 3088 non
384 3020 575 3117 sufficienter
599 3023 754 3110 explicata
779 3025 854 3100 sint,
888 3024 1094 3095 necversari
1119 3022 1250 3106 alteram

71 3125 277 3214 Reipublicae
298 3135 421 3212 partem
445 3125 480 3190 in
506 3125 641 3192 iustitiae
662 3126 773 3211 lande,
804 3130 935 3193 alteram
960 3129 993 3192 in
1019 3126 1163 3202 civitate,
1192 3125 1249 3201 sed

71 3232 238 3317 utriusque
274 3229 373 3316 partis
408 3227 503 3297 finem
543 3249 613 3298 esse
644 3227 882 3316 {rempublicam
911 3250 1070 3318 unumque
1100 3231 1142 3297 ita
1168 3249 1248 3318 opus

72 3333 167 3404 effici.
1204 3359 1207 3363 ·

160 3438 253 3516 Quod
283 3439 310 3502 si
338 3435 476 3505 Platonis
504 3440 603 3503 verba
631 3441 817 3506 accuratius,
835 3430 1065 3522 examinemus,
1100 3439 1180 3510 hauc
1207 3439 1247 3502 dc

71 3538 268 3629 philosophis
296 3538 538 3626 disputationem
567 3544 666 3626 magis
692 3542 787 3610 etiam
816 3543 887 3622 illa,
922 3562 1002 3629 quae
1023 3541 1056 3608 in
1077 3535 1248 3611 mulierum

70 3643 309 3728 liberorumque
345 3647 567 3726 communione
595 3643 799 3724 versabatur,
845 3643 1055 3713 necessariam
1089 3665 1157 3712 esse
1189 3663 1248 3710 nec

40 3815 44 3824 ,
71 3745 279 3832 digressionis
297 3749 372 3814 loco
393 3746 568 3815 habendam
589 3749 718 3835 patebit.
759 3749 843 3816 Dicit
864 3749 948 3819 enim
977 3750 1075 3816 τοῦτο
1102 3751 1137 3814 δὲ
1164 3743 1246 3816 αὐτὸ

72 3846 204 3941 ε’ῤῥηθη
235 3857 295 3936 μὲν
318 3854 379 3916 4καὶ
407 3844 495 3932 τότε,
533 3842 585 3918 ότι
613 3847 724 3933 δεήσοι
751 3877 784 3918 τι
815 3847 866 3918 ἀεὶ
894 3853 1011 3920 ἐνεῖναι
1032 3851 1065 3920 ἐν
1088 3852 1126 3945 τῇ
1153 3846 1248 3920 πόλει

70 3949 172 4039 λόγον
186 3951 266 4040 Ιᾤμαν
288 3953 344 4035 τῆς
365 3953 532 4034 πολιτείας
552 3950 609 4023 τόν
631 3949 749 4036 αὐτόν,
778 3946 875 4044 όνπερ
897 3959 953 4022 καὶ
975 3950 1032 4036 οὐ,
1061 3949 1079 4024 ὁ
1101 3958 1247 4040 νομοθέ-

70 4083 139 4140 της,
160 4055 240 4143 ἔχων
262 4053 480 4144 τοὺςνόμους
501 4059 638 4144 ἐτίθεις.
678 4053 835 4148 Ἑρῥηθη-
852 4053 933 4144 γὰρ,
948 4056 1036 4149 ιἔφη.
1074 4051 1162 4126 Ἀλλ’
1187 4053 1246 4144 οὐχ

70 4160 205 4239 ἱκανῶς,
233 4149 337 4240 εἶπον,
367 4155 532 4244 ἐδηλώθη,
555 4156 651 4252 φόβῳ
675 4149 718 4240 ὧν
740 4155 830 4248 ὑμεῖς
852 4154 1171 4248 ἀντιλαμβανόμενοι
1193 4162 1243 4224 da-

70 4257 236 4346 δηλώιιατε
271 4260 402 4354 μακρόν
432 4269 488 4334 καὶ
516 4261 662 4354 χαλεπὴν
693 4260 797 4332 αὑτοῦ
827 4261 886 4348 τὴν.
918 4260 1095 4356 ἀπόδειξιν.
1141 4265 1248 4343 Quum
