3312 5238
865 379 1103 458 *166³-

396 544 521 620 όδικεῖν
550 575 584 618 τε
611 554 668 618 καὶ
692 525 868 618 όίδικόν
837 575 937 634 ειναι,
966 553 1087 674 ἐάνπερ
1109 547 1156 639 μὴ
1178 551 1261 645 διδῶ
1278 549 1373 634 δίκην
1391 535 1478 638 μηδὲ
1498 553 1574 639 ,δελ

395 679 472 722 τιων
492 679 642 741 γιγνηται
664 650 891 742 κολαζόμενος
930 651 1087 737 ’,”Αλλ’
1068 682 1162 749 εφη,
1189 622 1479 746 ῶΣῶιιρατες,
1508 681 1573 743 γε-

395 758 549 826 λοίον”
531 775 670 877 εμοιγε
691 759 890 852 φαίνεται
913 755 968 825 τὸ
980 762 1138 846 σκέμμα
1159 762 1390 846 γίγνεσθαι
1419 755 1514 841 ἤδη,
1542 755 1576 825 εί

396 863 561 949 τοῦμὲν
582 857 774 948 σώματος
795 863 863 943 τῆς
885 857 1044 952 (μύσεως
1066 864 1436 955 διαφθειρομένης
1458 864 1577 928 δοκεῖ

396 960 439 1033 οὐ
469 962 626 1050 βιωτόν
655 955 895 1032 εἶναιούδὲ
927 962 1032 1053 μετὰ
1064 961 1229 1033 πάντων
1257 966 1398 1084 σιτίων
1430 989 1475 1032 τε
1505 971 1574 1032 καὶ

395 1069 529 1135 ποτῶν
556 1074 625 1135 καὶ
650 1065 808 1187 παντὸς
836 1063 1028 1135 monitae
1059 1074 1128 1134 καὶ
1154 1064 1291 1150 πόσης
1318 1061 1468 1158 ἀρχῆς,
1508 1093 1575 1150 της

396 1173 436 1238 δέ
467 1167 594 1239 αὐτοῦ
626 1168 857 1253 τούτου,ω
838 1241 847 1264 .
830 1163 1029 1260 ῶζῶμεν,
1067 1169 1228 1294 ιγιίσεμς
1256 1175 1576 1262 ταραττομένης

395 1279 462 1342 καὶ
492 1277 856 1368 διαφθειρομένης
884 1271 1088 1359 βιωτόν”
1066 1300 1147 1364 αρα
1168 1275 1303 1353 ε”,σται
1333 1269 1486 1365 ἐάνπερ
1515 1300 1575 1354 τις

394 1378 495 1501 ποιῇ
523 1373 542 1446 ii
570 1375 617 1446 ι’ίν
643 1378 843 1473 βουληθῇ
871 1374 975 1444 ἄλλο
1004 1374 1106 1459 πλὴν
1134 1379 1276 1461 τοῦτο,
1304 1371 1471 1446 ὁπόθεν
1500 1403 1575 1445 κα-

394 1475 488 1560 κίσίς
516 1487 588 1570 μὲν
610 1488 681 1549 καὶ
704 1477 871 1560 ἀδικίας
895 1475 1260 1566 ἀπαλλαγήσεται,
1291 1476 1576 1564 δικαιοσύνην

395 1588 439 1652 δὲ
469 1590 537 1652 καὶ
566 1581 714 1676 ’ἀρετὴν
742 1579 956 1667 κτήσεται,
993 1580 1258 1672 ἐπειδήπερ
1242 1579 1372 1675 ειγόνη
1400 1609 1455 1672 γε
1475 1581 1575 1652 ὄντα

395 1684 568 1779 εκότερα
589 1681 658 1756 σία
681 1683 797 1810 ἡμεῖς
818 1683 1143 1774 διεληλύθαμεν.
1193 1691 1371 1755 Ιέλοῖον
1398 1685 1498 1777 γὰρ,
1528 1676 1575 1770 ἦν

396 1788 560 1917 δ’ἒγῶ.
596 1787 676 1859 ἀλλ
713 1783 836 1880 ὅμως,
872 1791 1039 1882 ἐπείπερ
1070 1792 1276 1858 ἐνταῦθα
1271 1787 1574 1912 ἐληλύθαμεν,

395 1887 495 1964 όσον
516 1889 605 1963 οἷόν
627 1920 666 1962 τε
689 1899 937 1989 σαφέστατα
959 1889 1207 1972 κατιδεῖν,’
1196 1886 1262 1962 ότι
1291 1896 1424 1962 ταῦτα
1446 1887 1574 1974 οίίτως

395 1999 493 2094 ἔχει,
530 2023 576 2066 ου
594 2024 679 2088 χρη
709 1993 978 2084 ἀποκάμνειν.
1023 1989 1189 2078 Ἣκιστα,
1221 1993 1261 2079 νὴ
1291 2021 1350 2064 τον
1379 1998 1512 2076 Δια,
1500 1998 1574 2120 εἰγη,
1641 2057 1642 2066 ,

393 2098 525 2169 πάντων
546 2099 756 2184 ἀποκνητέον.
803 2103 915 2221 Δεῦρο
926 2103 1001 2182 νῦν,
1029 2125 1069 2183 ην
1089 2097 1122 2168 δ
1147 2096 1223 2187 ε’γῶ,
1243 2096 1300 2170 ἵνα
1321 2105 1377 2168 καὶ
1392 2094 1530 2196 ἴὸῃς,”
1510 2125 1574 2169 oca

397 2209 454 2271 και
476 2205 585 2287 εἴδη
567 2229 629 2293 εχει
651 2201 671 2287 6
693 2206 809 2286 κακία,
838 2200 882 2282 ῶς
903 2204 975 2293 ἐμοὶ
997 2196 1152 2285 δοκει,όί
1129 2229 1214 2290 αγε
1236 2202 1276 2286 66
1298 2211 1354 2272 καὶ
1375 2173 1454 2328 οιξιόι
1476 2208 1575 2284 θέας.

386 2301 594 2394 Ἐπομαι,”
576 2324 654 2404 ειγη
676 2303 779 2428 μόνον
800 2310 881 2395 λέγε.
928 2311 996 2374 Καὶ
1016 2305 1096 2394 μὴν,
1127 2293 1168 2390 ἦν
1196 2304 1273 2374 δ
1257 2305 1335 2396 εγῶ,
1369 2300 1479 2398 ῶσπερ
1509 2305 1574 2375 ἆπό

393 2413 533 2536 εικοπιᾶς
548 2437 611 2538 μοι
634 2413 798 2536 φμίνεται,
821 2408 930 2494 ἐπειδὴ
952 2413 1106 2478 ἐνταῦθα
1122 2406 1372 2502 ἀναβεβήκαμεν
1386 2435 1445 2480 του
1429 2407 1574 2500 λόγου,

393 2510 429 2583 έν
448 2521 518 2604 μὲν
531 2507 614 2583 εἶναι
641 2507 727 2594 εἶδος
748 2516 806 2596 τῆς
827 2511 958 2604 ἀρετῆς,
986 2511 1106 2604 ἄπειροι
1130 2518 1164 2581 66
1186 2515 1245 2596 τῆς
1267 2515 1401 2596 κακίας,
1428 2518 1574 2608 τέτταρα

395 2615 468 2688 6³
452 2637 485 2686 εν
507 2615 621 2699 αὐτοῖς
643 2617 745 2699 ίίττα,
776 2607 819 2685 ῶν
846 2621 903 2684 καλ
926 2616 1018 2700 ἄξιον
1039 2619 1299 2746 ἕπιμιιησθῆιιαι.
1343 2619 1424 2697 Πῶς
1453 2622 1574 2706 λέγεις;

395 2722 471 2836 ἔφη.
504 2713 617 2804 Ὅσοι,
648 2710 741 2804 666²
771 2717 846 2808 έγῶ,
874 2723 1045 2788 πολιτειῶν
1073 2717 1192 2842 τρόποι
1220 2718 1302 2846 τισὶν
1329 2721 1447 2804 εἷδη”
1426 2747 1574 2810 εχοντες,

395 2826 549 2892 τοσοῦτοι
583 2819 807 2950 κιιδονεόουσι
837 2831 893 2892 καὶ
924 2827 1034 2918 ψυχῆς
1068 2821 1186 2914 τρόποι
1219 2815 1312 2892 εἶναι.
1366 2821 1481 2893 Πόσοι
1513 2821 1574 2908 663

395 2931 560 2996 Πέντεὲ
519 2935 594 3016 μὲ,ν
616 2917 656 3012 ἦν
679 2925 751 2996 δ
735 2926 812 3050 εγόι,
833 2930 1012 3009 πολιτειῶν,
1024 2931 1126 2996 πέντε
1149 2930 1184 3054 ιδὲ
1206 2929 1326 3052 μογῆς.
1368 2929 1516 3016 Λέγε,
1496 2955 1574 3022 εφη,

395 3034 489 3111 τίνες.
530 3023 696 3160 Λέγω,
665 3057 765 3113 ειπον,
788 3024 839 3100 ὅτι
863 3024 907 3112 εἷς
927 3039 991 3120 μὲν
1009 3021 1115 3111 οὗτος,
1140 3025 1178 3099 όν
1199 3027 1291 3154 ηιιεῖς
1313 3027 1574 3119 διεληλύθαμεν,

394 3136 615 3214 πολιτείας’
591 3141 638 3218 είη
667 3131 708 3202 όίν
735 3131 873 3225 τρόπος,
903 3136 1150 3221 ἐπονομασθείη
1174 3131 1244 3201 δΗ
1231 3132 1272 3203 σίν
1293 3140 1348 3202 καὶ
1370 3136 1501 3230 διχῇ,’
1484 3161 1575 3222 εγγε·

394 3244 532 3327 νὀμένοο
558 3237 704 3328 μὲνγὰρ
727 3235 883 3328 ἀνδρὸςῐ
868 3235 939 3316 ενὸς
960 3240 993 3305 ἐν
1015 3242 1084 3360 τιιῖς
1104 3236 1245 3360 ἄρχουσι
1267 3241 1488 3360 διαφέροντος
1509 3242 1574 3328 βα

395 3341 544 3411 σιλεία
530 3367 571 3410 αν
599 3343 754 3424 κληθείη,
784 3337 942 3464 ιιλειόνων
968 3337 1045 3409 66²
1025 3345 1275 3466 ιιριστοκρατία.
1314 3338 1469 3424 Αληθῆ,
1499 3341 1573 3436 ἔφη.

400 3447 508 3512 Τοῦτο
542 3452 613 3566 μέγ
631 3447 755 3570 τοίνυν,
785 3433 826 3526 ἦν
856 3441 887 3511 δ’
919 3443 995 3530 ε’γῶ,
1027 3437 1063 3512 ιέν
1092 3435 1178 3568 εἶδος
1200 3448 1298 3532 λέγω.
1334 3441 1502 3534 οὔτεγὰρ
1532 3441 1574 3512 ἂν

394 3535 525 3627 πλείους
553 3545 628 3614 οὔτε
654 3541 698 3626 είς
719 3543 927 3666 ἐγγενόμενος
948 3543 1104 3628 κινήσειεν
1125 3545 1166 3642 όίιι
1187 3549 1251 3616 τῶν
1272 3543 1368 3629 ἀξίων
1390 3543 1494 3633 λόγου
1516 3542 1573 3614 νό-

394 3677 464 3739 μων
485 3654 544 3733 τῆς
566 3647 704 3731 πόλεως,
734 3653 843 3773 τροηιῇ
864 3675 899 3718 τε
921 3656 975 3719 καὶ
1003 3653 1136 3742 παιδείᾳ
1155 3647 1360 3748 χρησόμενος
1381 3677 1400 3743 η
1387 3639 1573 3748 διήλθο-

394 3779 463 3842 μεν.
512 3751 558 3822 Οὐ
585 3751 650 3842 γὰρ
681 3751 782 3836 εικός,
811 3755 887 3846 έφη.
933 3757 980 3826 Gi.
1008 3777 1041 3840 p.
1073 3756 1150 3831 665,
1178 3758 1223 3820 St.
1258 3758 1370 3838 Atque
1391 3755 1442 3818 his
1464 3740 1573 3820 'verbis

396 3867 525 3946 quartus
547 3861 631 3924 liber
652 3857 779 3924 finitur.'
815 3859 950 3944 Reliqua
976 3880 1053 3924 vero
1083 3879 1157 3946 pars
1183 3859 1300 3945 incepti
1328 3857 1486 3923 sermonis
1509 3880 1573 3923 non

396 3963 497 4027 estin
519 3965 644 4049 quinto,
672 3961 728 4028 sed
748 3965 783 4027 in
804 3972 918 4028 octavo
937 3962 1031 4028 libro.
1077 3967 1156 4027 Na'm
1180 3983 1277 4047 quum
1301 3963 1446 4026 Socrates
1468 3961 1571 4046 quinti

393 4067 468 4130 libri
489 4064 580 4130 initio
602 4068 778 4132 institutum
800 4087 978 4132 sermonem
1000 4074 1167 4150 pertexere
1190 4063 1295 4141 vellet,
1323 4063 1570 4131 aPelemareho

394 4177 427 4250 ες
447 4168 617 4244 Adimanto
638 4168 831 4256 reliquisque
853 4172 1049 4255 prohibetur,
1093 4171 1155 4234 Sed
1179 4154 1218 4235 (ie
1239 4168 1289 4234 his
1311 4188 1370 4244 suo
1392 4167 1464 4234 loeo
1478 4169 1572 4252 plura

394 4275 554 4348 dicentur,
587 4290 670 4336 nunc
700 4274 903 4356 proferantur
931 4295 988 4354 οε,
1014 4292 1102 4360 ηοεε
1129 4273 1172 4350 66
1197 4275 1281 4338 hene
1306 4271 1412 4340 laeum
1432 4273 1571 4343 notanda
