3344 5234
571 1336 794 1420 Praelatio.

173 1639 300 1730 Operis
321 1643 488 1712 Platonici
511 1643 553 1711 de
575 1644 765 1731 Republica
779 1645 1026 1734 argumentum,
1050 1643 1163 1730 finem,
1187 1663 1274 1712 eon-

100 1793 327 1875 structionem,
362 1797 469 1859 artem
498 1793 551 1860 his
583 1795 833 1882 prolegomenis
866 1794 1037 1859 illustrare
1067 1796 1273 1880 propositum

98 1943 184 2007 nobis
204 1942 283 2007 furit.
326 1939 425 2024 Quod
448 1943 507 2007 vix
529 1943 629 2007 aliter
650 1941 719 2007 fieri
744 1945 878 2026 poterat
894 1959 991 2028 quam
1008 1945 1044 2007 ut
1065 1945 1171 2008 totum
1188 1962 1273 2027 opus

98 2091 134 2157 ab
154 2093 249 2156 initio
272 2109 378 2177 usque
406 2091 448 2157 ad
472 2091 586 2175 linem,
612 2096 750 2156 strenue
778 2094 962 2178 sequentes
990 2091 1097 2177 ipsius
1127 2094 1275 2158 auctoris

98 2242 254 2330 vestigia,
277 2242 574 2325 perlustraremus,
596 2241 803 2330 singularum
825 2242 967 2326 partium
990 2246 1223 2330 argumentum
1240 2249 1275 2306 et

97 2406 209 2455 nexum
237 2389 524 2478 expenderemus,
554 2392 702 2455 virorum
732 2388 905 2454 doctorum
936 2389 978 2454 de
1007 2391 1048 2454 iis
1068 2391 1170 2456 rebus
1191 2406 1275 2455 sen-

97 2540 212 2604 tentias
227 2539 512 2621 examinaremus,
535 2537 623 2604 falsa
639 2537 887 2622 refelleremus,
909 2555 991 2602 vera
1007 2537 1274 2621 defenderemus,

99 2704 250 2770 quormrm
271 2690 468 2771 spectarent
491 2691 525 2751 et
541 2688 750 2771 pertinerent
766 2687 874 2751 omnia
890 2685 1154 2752 ostenderemus.
1191 2688 1275 2752 Nam

96 2839 129 2898 ut
141 2838 174 2902 iu
188 2839 356 2922 pictorum
379 2836 614 2902 excellentium
637 2836 762 2903 tabulis
776 2833 820 2900 ad
835 2854 935 2900 unum
952 2834 1158 2920 eundemque
1179 2835 1275 2900 tinem

95 2989 237 3074 vergrmt
260 2986 385 3065 omnia,
406 2987 445 3048 ut
467 3002 527 3048 suo
551 3001 702 3070 quaeque
731 2985 808 3050 loco
836 2986 946 3068 posita
976 2987 1074 3070 sunt,
1103 2990 1141 3050 nt
1165 3003 1274 3069 opaea

95 3133 288 3200 collustrata
311 3151 349 3198 se
373 3134 514 3199 invicem
537 3131 716 3215 adiuvant,
745 3152 808 3200 nee
831 3133 1008 3219 quidquam
1036 3136 1095 3199 aut
1117 3133 1195 3198 addi
1217 3137 1276 3199 aut

94 3279 173 3348 demi
196 3299 300 3369 posse
322 3279 507 3367 prudentes
529 3283 739 3370 intelligunt:
762 3284 813 3349 sio
834 3283 869 3347 in
892 3282 957 3349 hoo
974 3279 1087 3368 Opere
1109 3281 1153 3348 ad
1176 3301 1275 3347 unum

94 3430 297 3517 eundemque
326 3429 423 3496 finem
452 3431 634 3498 collineare
661 3431 770 3496 omnia
798 3427 973 3514 videntur,
1008 3434 1042 3496 et
1072 3434 1167 3496 tanta
1202 3434 1276 3495 arte

93 3555 255 3665 disposita
269 3593 304 3646 et
319 3577 475 3646 ordinata
490 3599 567 3647 esse
582 3582 713 3647 minima
729 3583 888 3664 maxima,
909 3586 947 3647 ut
962 3580 1044 3646 nihil
1059 3579 1138 3646 addi
1155 3583 1277 3668 possit,

94 3727 169 3794 nihil
188 3729 327 3813 revelli,
349 3729 431 3794 nihil
453 3731 553 3796 aliter
574 3731 734 3796 collocari
756 3732 829 3796 sine
850 3749 974 3818 magna
995 3732 1276 3815 praestantissimi

94 3871 213 3961 liparis
234 3878 321 3945 labe.
363 3878 405 3943 ln
427 3879 523 3943 tanta
544 3879 650 3966 igitur
671 3896 709 3943 re
730 3896 856 3944 summa
878 3898 940 3944 nos
962 3895 1044 3946 eura
1071 3883 1105 3944 et
1128 3877 1278 3968 diligen-

94 4025 152 4112 tia,
185 4029 224 4091 ut
253 4029 433 4111 parerat,
466 4028 626 4092 versatos
654 4043 748 4110 esse,
770 4027 830 4092 vix
861 4030 916 4092 est
945 4025 1034 4112 quod
1068 4044 1278 4113 moneamus3

95 4176 242 4257 optamus
269 4178 399 4241 tautum
427 4178 465 4240 ut
493 4174 572 4242 inde
600 4173 726 4262 aliquid
755 4175 866 4242 bonae
895 4175 1006 4266 frugis
1035 4174 1080 4242 ad
1101 4174 1278 4242 Platonem

95 4325 184 4389 reete
205 4322 462 4413 lrrtelllgendum
485 4323 664 4392 redundet.
698 4376 701 4385 .
