3296 5232
849 323 1080 400 ...Μ-ι

462 487 525 556 Sed
542 493 616 574 'quo
636 487 755 556 rectius
776 485 934 562 iudicetur
958 489 999 552 do
1023 507 1062 555 ea
1083 481 1200 573 dialogi
1220 492 1311 574 parte
1330 487 1365 552 in
1384 507 1447 573 qua
1467 507 1555 554 nuno

373 597 558 667 vereamur,
594 591 742 658 videntur
768 595 801 658 iu
832 593 1019 659 memoriam
1048 589 1226 656 revocanda
1249 611 1319 656 esse
1340 613 1422 677 qnae
1447 594 1555 658 octavi
1626 649 1627 656 ,

372 694 563 770 lileriinitio
583 713 615 781 p.
638 696 709 761 did.
731 699 770 762 D.
794 697 840 760 St.
864 694 1030 778 leguntur:
1067 684 1166 760 Οἶσθ
1192 680 1261 775 οὖν,
1282 680 1323 775 ἦν
1346 689 1377 760 d'
1402 691 1476 780 ἐγὼ,
1501 687 1555 762 ὅτι

371 805 428 868 καὶ
458 793 649 887 ἀνθρώπων
681 798 750 878 εἴδη
784 799 931 867 τοσαῦτα
968 791 1093 882 ἀνάγκη
1123 791 1252 884 τρόπων
1281 785 1384 878 εἶναι,
1423 787 1553 888 ὅσαπερ

371 908 428 984 καὶ
457 901 647 986 nutriendo,
677 895 698 982 ἢ
724 901 785 968 οἴει
812 902 846 966 ἐκ
874 895 973 990 δρυός
1001 904 1112 968 ποθεν
1134 897 1154 982 ἢ
1176 901 1210 966 ἐκ
1231 903 1353 990 πέτρας
1375 897 1436 979 τὰς
1456 905 1553 968 πολι-

370 1007 460 1086 τείας
481 1007 676 1093 γίγνεσθαι,
710 999 778 1071 ἀλλ’
810 999 882 1092 οὐχὶ
904 1006 938 1070 ἐκ
960 1005 1023 1071 τῶν
1045 999 1143 1085 ἠθῶν
1165 1004 1228 1070 τῶν
1251 1006 1283 1070 ἐν
1306 1008 1379 1092 τρεῖς
1400 1001 1552 1084 πόλεσιν,

370 1103 394 1178 d
429 1105 470 1178 dv
506 1101 612 1198 ὥσπερ
647 1109 800 1202 ῥέψαντα
836 1094 941 1174 τᾶλλα
975 1101 1210 1198 ἐφελκύσηται,·
1251 1102 1410 1192 Οὐδαμῶς
1448 1104 1552 1193 ἔγωγ’,

370 1212 449 1306 ἔφη,
486 1207 636 1280 ἄλλοθεν
664 1207 685 1292 ἢ
713 1211 877 1278 ἐντεῦθεν.
919 1213 958 1276 Et
985 1209 1084 1276 habes
1105 1209 1149 1279 ita
1176 1210 1331 1276 rationem
1357 1232 1552 1296 causamque

370 1331 434 1404 qua
451 1324 628 1382 commotus
651 1315 739 1382 Plato
760 1313 957 1397 singulorum
979 1313 1142 1380 hominum
1166 1335 1272 1386 mores
1294 1314 1450 1400 depinxit.
1490 1320 1554 1380 Vo-

370 1420 431 1488 luit
452 1419 650 1486 dlversarum
670 1420 831 1484 civitatum
853 1403 1018 1502 originem*
1030 1420 1104 1484 inde
1123 1425 1282 1502 repetere,
1296 1420 1553 1505 'discrepantiam

370 1509 543 1599 illustrare,
570 1520 697 1588 efficere
717 1520 865 1606 denique,
892 1529 937 1600 ut,
958 1541 1040 1612 quae
1063 1507 1143 1590 ratio
1166 1521 1248 1588 inter
1270 1520 1445 1605 perlectam
1468 1525 1553 1598 hano

372 1633 405 1694 et
429 1625 568 1712 reliquae
597 1625 738 1693 civitates
768 1623 995 1700 intercederet,
1030 1633 1116 1693 recte
1136 1624 1340 1693 iudicaretur.
1386 1624 1554 1692 Pertinere

371 1738 478 1798 autem
502 1727 548 1796 ita
573 1749 645 1795 cum
666 1731 760 1802 haec,
792 1735 858 1797 tum
882 1730 1046 1815 sequeutia
1073 1727 1178 1800 omnia
1203 1730 1243 1792 ad
1269 1727 1446 1804 civitatem,
1480 1731 1552 1812 quis

370 1853 437 1902 non
454 1832 627 1917 intelligat?
657 1833 751 1910 Quod
764 1830 834 1916 ipse
846 1835 1083 1918 quodamnodo
1101 1831 1201 1904 sensit
1217 1832 1549 1900 Solrleiermaclrerne:

373 1939 466 2004 «Dae
487 1957 581 2020 dame
606 1938 767 2018 Vorfoltreo
789 1939 901 2004 mittat
924 1939 957 2004 ia
977 1939 1071 2002 ciuem
1093 1938 1235 2018 nouerca
1261 1937 1475 2018 Wideropruole
1499 1938 1553 2000 do·

372 2041 429 2111 orit
456 2059 497 2107 eu
520 2041 636 2112 ateleto,
669 2060 732 2104 roae
758 2039 867 2111 Pluton
892 2042 935 2122 oft
964 2041 1025 2104 mad
1047 2041 1181 2110 ,deutlich
1206 2055 1302 2121 neoto
1329 2057 1369 2106 au
1396 2041 1553 2113 oeretedm

370 2142 458 2225 eicit,
476 2143 554 2208 ,duee
573 2143 705 2208 adedielr
729 2145 795 2206 ecio
814 2145 901 2210 Stant
921 2144 1048 2208 aiemale
1071 2145 1106 2211 ia
1127 2144 1181 2208 der
1208 2143 1411 2214 Wirldtcdlceit
1434 2144 1553 2208 beatore-

369 2246 426 2314 dea
446 2245 529 2320 dade,
555 2245 619 2312 aad
641 2247 718 2322 aaut
741 2247 825 2313 lecim
844 2247 924 2311 Notlt
948 2247 992 2312 eei
1009 2247 1080 2313 daeo
1105 2265 1139 2310 er
1151 2247 1267 2328 jemou,
1283 2247 1414 2318 leotrico
1436 2245 1550 2312 werde.

371 2350 460 2414 omn
477 2368 562 2418 worm
587 2349 682 2415 diooca
700 2351 749 2424 iet,
777 2351 833 2414 wie
856 2350 937 2417 kam
955 2369 990 2414 ec
1012 2351 1086 2420 docio
1109 2351 1157 2440 dia
1178 2351 1414 2431 Staatsso'rmeo,
1442 2352 1551 2417 necte

369 2461 468 2522 onor*
480 2455 536 2520 den
552 2456 699 2520 'Belicam
720 2454 856 2520 miriliclr
880 2454 1088 2536 oeecdicletlicd
1107 2453 1261 2534 emordet
1280 2455 1363 2528 aiod,
1391 2455 1471 2523 dem
1493 2475 1552 2518 ooo

371 2557 501 2623 andeca
526 2559 568 2622 iet
590 2559 706 2624 ϋὸοναὶῑ
725 2558 809 2622 nicht
832 2557 880 2622 die
901 2557 996 2632 Rode,
1028 2557 1075 2622 ola
1100 2555 1164 2621 eine
1189 2558 1371 2640 Starfeosolqe
1396 2576 1456 2620 ooo
1481 2547 1552 2624 Urn-

370 2663 545 2744 wdleuoqeo
576 2662 754 2733 doraielleu,
785 2661 832 2724 die
856 2679 890 2728 er
910 2679 967 2729 aar
984 2661 1086 2742 jezere
1106 2661 1286 2727 tentem
1310 2661 1368 2742 oras
1385 2661 1552 2742 qemdmlt-

369 2766 445 2830 ueto
468 2765 563 2833 Weto
578 2765 762 2832 nouella?
788 2765 863 2830 Dies
886 2761 1127 2847 geschichtliche
1148 2765 1189 2828 ist
1209 2760 1274 2831 also
1296 2761 1467 2847 allerdinge
1491 2785 1551 2828 nur

299 2947 301 2956 y
372 2870 493 2942 Form,
531 2865 583 2934 die
614 2865 697 2934 aber
728 2865 803 2936 sehr
827 2865 908 2934 nahe
933 2865 1004 2952 lag,
1041 2865 1114 2936 weil
1141 2867 1208 2936 sich
1232 2865 1352 2935 iader
1383 2867 1463 2932 That
1499 2869 1549 2933 die

371 2968 619 3038 verschiedeuen
640 2968 873 3055 Versaeeungen
896 2971 978 3036 nieht
1007 2972 1097 3036 seiten
1121 2969 1154 3034 in
1180 2969 1349 3040 derseuen
1371 2969 1473 3039 Reilre
1497 2993 1550 3054 ge·

366 3073 447 3160 iolgt
470 3072 555 3146 sind,
589 3075 656 3140 und
678 3094 713 3140 oe
738 3073 798 3140 soll
821 3072 961 3140 daduroh
988 3095 1049 3141 nur
1075 3073 1133 3140 der
1157 3071 1383 3140 verschiedene
1404 3073 1550 3140 Abstand

370 3197 435 3244 von
455 3179 513 3244 der
531 3175 821 3244 Volllommenheit
838 3176 1035 3242 anschaulich
1049 3181 1195 3260 gemacht
1212 3180 1352 3253 werden,
1377 3179 1444 3243 und
1462 3199 1549 3246 zwar

368 3300 503 3348 nurum
527 3277 609 3346 eben
631 3283 735 3348 dieses
752 3279 949 3347 allmauliche
967 3280 1188 3349 Herabsinken
1206 3282 1269 3348 dee,
1280 3279 1435 3347 sittlichen
1450 3283 1548 3348 Wer-

367 3387 437 3453 thes
461 3386 495 3450 in
518 3383 581 3450 den
610 3384 773 3451 einzelnen
804 3387 917 3449 Seelen
945 3382 1034 3452 desto
1063 3387 1173 3450 hceser
1200 3407 1238 3450 zu
1267 3389 1451 3460 versionem,
1482 3389 1548 3451 nnd

370 3487 457 3554 diere
482 3485 679 3573 riicll'o'ulige
703 3491 807 3563 Bohn,
845 3489 966 3552 welche
992 3490 1043 3555 die
1071 3490 1212 3554 einzelne
1235 3490 1325 3554 Seele
1344 3487 1547 3574 durchgeht‚

372 3593 527 3658 emeheint
550 3593 664 3657 immer
685 3591 731 3656 als
753 3593 805 3656 die
833 3593 1069 3678 Hauptsache,o
1116 3594 1148 3656 Si
1174 3594 1299 3658 virtutis
1312 3599 1451 3680 tantum
1477 3594 1549 3658 illn-

370 3698 516 3760 etrandae
541 3714 651 3771 cause,
689 3698 769 3760 hanc
798 3693 955 3760 civitatem
981 3715 1062 3781 quae
1083 3693 1153 3760 fieri
1175 3697 1304 3762 omnino
1329 3715 1393 3760 non
1416 3706 1547 3782 posset,

371 3818 449 3864 vere
470 3800 662 3864 condidisset
681 3797 781 3874 Plato,
806 3804 871 3864 tum
891 3821 958 3882 uon
977 3801 1079 3884 potuit
1093 3799 1232 3884 reliquas
1252 3801 1416 3876 civitatee,
1436 3803 1547 3884 quales

371 3900 456 3988 apud
481 3903 617 3968 Graecos
643 3922 719 3968 vere
741 3921 810 3968 esse
836 3899 992 3977 solebant,
1021 3922 1062 3966 ex
1083 3902 1152 3978 illa,
1184 3902 1307 3969 ratione
1329 3904 1424 3985 plane
1448 3906 1549 3970 histo-

369 4004 449 4081 rica,
476 4012 640 4088 repetem
679 4013 746 4071 tum
773 4007 853 4070 haee
880 4004 1048 4091 disputatio
1070 4027 1158 4072 mere
1185 4006 1336 4089 politica,
1370 4009 1409 4072 de
1433 4005 1548 4072 harum

370 4110 534 4176 civitatum
556 4107 691 4194 origine,
716 4129 756 4174 ex
771 4107 833 4174 alia
848 4107 882 4174 in
899 4108 991 4180 aliam
1008 4109 1224 4174 vicissitudine
1242 4118 1335 4196 atque
1346 4109 1546 4186 mutatione,

370 4221 495 4292 natura,
523 4209 627 4290 vitiis,
643 4213 683 4276 ab
708 4213 849 4278 instituto
877 4212 983 4297 operis
1001 4210 1064 4278 fine
1084 4220 1170 4280 tauto
1196 4213 1296 4298 magis
1316 4215 1419 4280 aliena
1442 4213 1548 4282 rideri
