3296 5232
888 385 1121 450 -32t-

408 539 472 628 μὸς
493 535 603 620 ἰσάκις
623 546 695 620 ἴσος
717 543 819 622 ἐστὶν,
849 533 953 621 οὕτως
973 538 1185 626 δικαιοσύνης
1207 540 1372 623 εἰδοποιὸς
1396 551 1446 615 καὶ
1469 551 1547 622 ἔπιδε·

409 641 520 723 κτικός
539 640 580 712 ἀν
606 645 663 726 εἴη.
684 645 749 723 πάς
768 647 804 711 δὲ
830 639 1034 735 τετράγωνος
1061 642 1169 725 ἰσάκις
1197 648 1269 726 ἴσος
1296 643 1440 736 ὑπάρχει.
1482 655 1546 721 Adde

408 751 552 814 Brundis.
583 748 695 814 histor.
724 746 801 834 phil.
825 770 857 832 p.
885 751 912 813 Ι.
935 769 967 834 p.
989 751 1064 814 tie.
1094 749 1151 815 uhi
1172 753 1256 816 hunc
1284 753 1447 818 Alexandri
1469 755 1549 824 lorum

406 850 515 918 affert:
539 852 598 932 τῆς
618 848 763 940 μὲνγὰρ
785 847 997 934 δικαιοσύνης
1026 853 1110 920 ἴδιον
1130 847 1418 938 ὑπολαμβάνοντες
1437 847 1506 925 εἰναι
1522 858 1550 926 τὸ

407 949 655 1032 ἀντιπεπονθὸς
675 979 709 1020 τε
730 959 786 1020 καὶ
807 956 896 1034 ἴσον,
925 956 959 1022 ἐν
980 959 1050 1033 τοῖς
1071 951 1238 1046 ἀριθμοῖς
1264 958 1364 1024 τούτο
1385 952 1552 1047 εὑρίσκοντες

407 1054 460 1129 ὃν.
483 1053 553 1123 διά
576 1057 702 1123 τοῦτο
724 1061 793 1123 καὶ
814 1053 885 1123 τὸν
906 1051 1050 1135 ἰσάκις
1079 1059 1171 1125 ἴσον
1195 1054 1390 1148 ἀριθμὸν
1419 1063 1553 1151 πρῶτον

408 1160 551 1244 ἔλεγον
572 1149 680 1226 εἶναι
701 1154 983 1241 δικαιοσύνην.
1027 1161 1085 1226 His
1106 1160 1187 1226 udde
1209 1163 1290 1228 Ptut
1308 1165 1348 1228 de
1362 1161 1434 1229 leid.
1450 1171 1478 1228 et
1491 1167 1552 1230 Otir.

407 1284 439 1349 p.
460 1266 534 1339 370,
557 1281 652 1349 quem
673 1262 813 1328 laudavit
833 1263 978 1329 Braudis.
1000 1264 1045 1331 ih.
1066 1283 1097 1348 p.
1119 1265 1191 1329 503.
1214 1267 1246 1330 oi
1268 1271 1327 1350 μὲν
1346 1269 1553 1352 Πυθαγορικοὶ

406 1363 463 1432 διά
483 1361 640 1433 πλειόνων
654 1359 825 1452 ὀνομάτων
839 1367 1076 1452 κατηγοροῦσι,
1098 1367 1158 1432 τού
1178 1373 1238 1453 μὲν
1260 1361 1400 1452 ἀμαθού
1421 1364 1457 1434 τὸ
1468 1362 1510 1447 ἓν,
1526 1366 1553 1433 τὸ

407 1472 667 1556 πεπερασμένον,
690 1465 726 1536 τὸ
748 1471 863 1554 μένον,
884 1465 924 1534 τὸ
939 1464 1046 1548 εὐθύ,
1068 1463 1107 1533 τὸ
1122 1465 1295 1557 περισσὸν,
1317 1467 1367 1536 τὸ
1388 1466 1554 1558 τετράηιε

408 1595 478 1639 νον
485 1613 654 1646 ......
678 1571 737 1638 τού
752 1573 787 1636 δὲ
810 1573 914 1638 κακοῦ
936 1568 995 1652 τὴν
1017 1565 1126 1637 δυάδα
1133 1621 1142 1651 ,
1164 1567 1202 1638 τὸ
1225 1569 1361 1660 ἀπειρον
1368 1623 1377 1654 ,
1398 1569 1436 1638 τὸ
1447 1569 1555 1664 φερόμε-

407 1699 481 1752 νον,
503 1670 541 1740 τὸ
563 1668 751 1760 καμπύλον,
775 1671 813 1740 τὸ
836 1671 968 1760 ἀρτιον,
990 1670 1029 1740 τὸ
1051 1669 1315 1763 ἑτερόμηκες,
1337 1699 1367 1742 κ.
1389 1699 1417 1742 τ.
1438 1675 1461 1742 ἑ.
1499 1675 1555 1740 Cum

407 1777 456 1842 his
477 1775 632 1844 consentit
651 1775 814 1842 Aristotel.
835 1783 909 1842 met
933 1780 972 1842 A.
995 1780 1026 1842 5.
1049 1767 1103 1844 ὅτι
1124 1773 1164 1842 τὸ
1184 1783 1245 1861 μὲν
1258 1779 1383 1844 τοιονδι
1397 1777 1459 1844 τῶν
1477 1773 1555 1866 ἀριθ·

407 1881 478 1965 μῶν
505 1874 623 1956 πάθος
651 1874 862 1960 δικαιοσύνη,
891 1904 921 1944 κ.
944 1903 972 1946 τ.
995 1881 1019 1946 ἕ.
1037 1887 1069 1945 et
1086 1883 1161 1946 Met
1183 1883 1228 1956 N,
1251 1882 1272 1944 t
1294 1902 1328 1964 p.
1355 1883 1454 1956 1091,
1480 1881 1554 1944 itt.

406 1987 439 2048 οὶ
460 1985 495 2050 δὲ
518 1985 649 2068 λέγουσι
667 1978 705 2048 τὸ
728 1978 844 2048 ἀνισον
866 1978 925 2062 τὴν
947 1983 1007 2048 τοῦ
1028 1983 1134 2048 κακοῦ
1149 1979 1260 2074 φύσιν.
1303 1984 1472 2048 vocabulis
1487 1981 1556 2066 igitur

407 2089 480 2166 ἴσην
502 2080 611 2162 ἰσάκις
632 2093 665 2150 et
686 2080 827 2170 ἰσομήκη
849 2091 909 2169 μὲν
929 2085 985 2178 τῇ,
1008 2080 1161 2174 προμήκη
1183 2087 1219 2151 δὲ
1233 2085 1394 2152 iudicatur
1412 2086 1555 2171 proprietas

408 2187 563 2274 quaedam
584 2188 725 2263 numeri,
749 2207 813 2252 nou
833 2189 902 2273 ipse
916 2209 1088 2263 uumerus,
1111 2208 1210 2274 porro
1230 2189 1406 2275 oblongum
1421 2207 1552 2254 numerum

407 2311 503 2356 uuum
524 2291 606 2356 tutus
627 2310 699 2356 eum
711 2293 821 2374 priore
834 2311 998 2356 commuue
1015 2291 1145 2360 habere.
1190 2288 1294 2372 ν”Ισην
1307 2287 1458 2370 ἰσάκις,ι
1479 2309 1553 2355 secu·

407 2393 482 2459 dum
504 2413 645 2479 eaquae
667 2393 820 2470 diximus,
850 2393 989 2476 pertinet
1015 2393 1055 2458 ad
1082 2393 1242 2459 civitatem
1272 2398 1408 2468 bonam,
1437 2386 1549 2481 προιηκο

408 2496 448 2561 ad
469 2499 624 2562 mularum
647 2498 807 2562 civitatum
829 2498 963 2570 seriem,
986 2517 1068 2582 quae
1090 2499 1167 2562 item
1189 2517 1285 2562 uuam
1306 2486 1547 2563 harmoniaueffi·

407 2602 503 2666 eiunt.
561 2603 719 2665 Numerus
752 2601 821 2681 ipse
856 2601 975 2682 prioris
1006 2599 1192 2664 harmoniae
1222 2621 1248 2664 s.
1279 2598 1385 2665 bonae
1416 2599 1549 2665 continetur

408 2703 515 2769 verbis
536 2699 653 2770 ἑκατὸν
675 2697 890 2780 τοσαυτάκις,
914 2699 1028 2786 quibus
1044 2704 1202 2768 iudicatur
1222 2713 1339 2768 ceritum
1365 2705 1472 2768 centies
1488 2713 1554 2762 duret

409 2827 479 2872 eam
501 2804 695 2874 duraturam.
737 2809 784 2870 Ne
807 2805 951 2880 mireris,
975 2804 1062 2890 quod
1083 2814 1146 2870 tam
1167 2803 1222 2870 diu
1250 2809 1331 2871 haue
1352 2807 1502 2869 civitatem
1518 2800 1555 2860 dt·

408 2931 481 2974 rare
503 2907 580 2973 velit
600 2908 706 2984 Pluto,
731 2927 828 2992 quum
851 2910 1025 2981 civitatem,
1048 2929 1130 2992 quxe
1152 2917 1200 2973 est
1222 2910 1383 2991 descripta
1406 2908 1438 2972 iu
1457 2900 1556 2987 legibue

409 3014 553 3098 proxime
574 3011 844 3076 immortalitatem
866 3031 936 3076 esse
957 3010 1089 3086 dixerit,
1118 3004 1161 3095 ἢν
1183 3012 1218 3076 δὲ
1240 3012 1298 3078 νῦν
1324 3007 1424 3096 ἡμεῖς
1444 3010 1557 3089 ἐπικεχει-

409 3112 570 3201 ρήκαμεν,
594 3116 642 3194 εἴη
666 3110 753 3180 τεάν
767 3117 921 3198 γενομένη
935 3138 1005 3192 ποις
1016 3109 1214 3192 ἀθανασίας
1229 3109 1406 3198 ἐγγύτατα.
1449 3107 1557 3187 Ctlegp

409 3218 465 3284 lib.
490 3220 527 3282 V.
551 3238 583 3303 p.
608 3219 680 3282 739.
704 3223 785 3280 extr.
811 3217 974 3282 Currere
997 3215 1343 3302 divitatemperfeetam
1364 3217 1559 3282 unnoteertttt

409 3325 516 3386 eeuttee
538 3325 656 3402 durare
677 3319 832 3394 voluerit,
854 3318 888 3384 id
908 3319 952 3384 itu
974 3318 1177 3404 explicamus.
1223 3320 1320 3385 Libro
1342 3323 1387 3384 X.
1407 3340 1440 3405 p.
1460 3313 1556 3414 ett'in·

410 3411 454 3490 St
480 3432 614 3490 aetutem
636 3424 773 3488 hominis
794 3429 921 3488 centum
942 3441 1040 3486 annos
1063 3421 1178 3488 durare
1192 3424 1312 3495 statuit,
1336 3425 1439 3489 τοῦτο
1461 3413 1488 3484 δὃ
1504 3415 1555 3480 εἰναι

410 3525 495 3594 κατά
524 3526 821 3612 ἑκατονταετηρίδα
849 3520 1003 3605 ἑκάστην,
1034 3521 1077 3603 ὡς
1103 3529 1181 3610 βίον
1211 3522 1306 3602 ὄντος
1343 3519 1498 3591 τοσούτου
1518 3509 1557 3577 7οὗ

411 3627 641 3719 ἀνθρωπίνου.
692 3629 739 3695 Cf.
766 3635 799 3694 et
828 3632 900 3696 Tae.
920 3627 995 3692 dial.
1021 3650 1049 3692 e.
1077 3631 1127 3693 17.
1176 3631 1286 3713 Itaque
1323 3629 1411 3693 haud
1441 3627 1563 3691 absonum

410 3733 585 3809 videbitur,
616 3751 714 3816 quum
744 3731 809 3796 vita
829 3731 995 3797 homiuum
1023 3737 1147 3797 centuni
1176 3750 1276 3796 anuos
1298 3733 1410 3808 duret,
1443 3725 1564 3792 civitatem

412 3839 528 3900 bonam
566 3845 692 3901 eentum
725 3842 843 3900 uetetes
873 3837 1036 3900 homiuum
1075 3839 1201 3900 durure.
1255 3837 1311 3898 Est
1342 3837 1426 3898 haee
1458 3821 1566 3895 definitio

412 3935 615 4020 arbitrariu.*)
659 3941 731 4003 Nou
756 3958 920 4022 negamur,
964 3939 1005 4002 At
1034 3957 1113 4002 vero
1140 3936 1184 4002 itu
1211 3936 1433 4020 intelliguntur
1459 3920 1567 3996 elauris

413 4081 712 4096 ..ι-Ἥ

483 4155 503 4210 't
522 4156 558 4206 Ut
575 4157 626 4208 etta
645 4159 736 4208 muttr.
773 4159 840 4210 tum
864 4171 911 4208 eur
938 4161 1087 4209 animorum
1111 4157 1294 4220 mtgrxttuueru
1321 4167 1370 4216 per
1398 4153 1456 4204 tore
1473 4141 1570 4198 erelerttt

414 4254 459 4298 rut
478 4245 580 4297 interne
600 4247 722 4296 deeter
742 4255 908 4300 contenet
927 4261 1010 4300 τοποι
1030 4247 1126 4300 durare
1146 4245 1249 4296 uumttt
1269 4243 1309 4294 Gt.
1329 4255 1354 4304 p.
1376 4240 1446 4298 ete,
1466 4238 1494 4286 B·
