3296 5232
826 403 1057 466 ..393-

351 567 429 628 Nom
451 557 597 651 ἀριθμοὶ
618 555 685 626 ἀπὸ
708 561 891 648 διαμέτρων
912 553 1065 645 ἀρ’ρήτων
1093 553 1265 642 πεμπάδος
1288 567 1359 624 sunt
1383 563 1536 646 quispera-

349 667 483 749 conoe
507 662 621 748 quibus
640 665 667 727 si
689 663 820 746 singulis
835 665 899 728 dno
915 660 1057 735 auferas,
1085 661 1161 728 item
1183 663 1537 748 duodequinqoopenorii

349 772 518 855 prodeunt.
564 769 674 851 ltaque
696 764 817 831 vorbis:
842 760 959 831 ἑκατὸν
974 761 1134 853 ἀριθμῶν
1148 760 1215 832 ἀπὸ
1228 767 1412 855 διαμέτρων
1426 768 1539 855 ῥητῶν

350 866 520 958 πεμπάδος
541 871 700 956 δεομένων
727 865 798 947 ἑνὸς
824 863 986 947 ἑκάστων,
1013 862 1166 958 ἀρῤήτων
1193 871 1229 935 δὲ
1259 871 1347 935 δυεῖν
1375 869 1540 935 indicetur

349 992 500 1041 numerus

350 1081 428 1142 Nem
453 1076 513 1141 100
539 1082 572 1151 ><
598 1079 639 1140 48
660 1099 703 1134 =
723 1077 818 1140 4800.
864 1075 922 1138 His
951 1075 979 1138 si
1001 1075 1157 1139 addantur
1183 1071 1300 1138 ἑκατὸν

351 1171 618 1265 κάβοιτριάὸος,
641 1179 1043 1254 =s³=nt><100=
1088 1225 1095 1240 .
1186 1226 1194 1241 .
1286 1227 1292 1240 .
1381 1180 1467 1241 2700

352 1328 426 1386 tuno
450 1320 643 1384 lucrabimur
663 1339 828 1384 numerum
848 1317 979 1382 alterins
1001 1315 1187 1381 harmoniae
1289 1366 1296 1382 .
1385 1322 1471 1384 7500

350 1441 446 1485 unum
467 1421 547 1487 latus
570 1441 735 1486 commune
748 1423 918 1485 habentem
939 1441 1009 1483 cnm
1030 1422 1138 1506 priore
1155 1421 1338 1497 harmonia,
1365 1442 1535 1486 nnmerum

348 1522 575 1589 centenarium.
600 1569 640 1579 -
663 1526 767 1589 Verba
788 1517 915 1608 ξύμπας
937 1525 972 1588 δὲ
995 1511 1093 1600 οὗτος
1118 1518 1271 1614 ἀριθμὸς
1298 1521 1536 1612 γεωμετρικὸς,

348 1623 502 1693 τοιούτου
525 1621 654 1715 κύριος,
685 1621 863 1713 ἀμεινόνων
885 1651 918 1692 τε
945 1631 1001 1692 καὶ
1025 1620 1180 1716 χειρόνων
1202 1629 1355 1710 γενέσεων
1363 1677 1371 1706 ,
1402 1635 1539 1712 postea

348 1750 429 1813 quae
451 1738 543 1794 anteo
568 1729 703 1794 diximus
726 1728 877 1814 explicari
905 1728 995 1794 Iaeile
1018 1736 1158 1814 possunt.
1202 1731 1313 1792 Ilclcot
1343 1751 1378 1793 ea
1401 1732 1538 1813 intelligi

347 1835 382 1896 dc
407 1836 576 1917 foetorem,
611 1855 685 1916 quos
712 1853 806 1917 septo
838 1835 1076 1907 nominavimus,
1105 1835 1231 1916 repetito
1258 1835 1534 1916 multiplicatione,

350 1934 401 2019 (cf.
427 1935 599 2001 Schneider
619 1935 641 2000 Ι.
664 1935 685 2000 l.
709 1957 742 2022 p.
767 1937 928 2014 XXVIII.)
951 1957 1072 2020 comque
1094 1956 1159 2000 rem
1185 1955 1309 1999 cansam
1331 1957 1392 1999 estc
1413 1937 1536 2000 indica-

347 2049 400 2103 tor
420 2043 576 2124 utriusque
596 2041 785 2113 hermoniae,
806 2042 867 2102 sioc
882 2032 1059 2125 ἀμεινόνων
1075 2063 1108 2103 τε
1124 2043 1179 2103 καὶ
1189 2031 1346 2128 χειρόνων
1359 2041 1536 2124 γενέσεων,

348 2145 494 2226 aquilos
521 2143 668 2206 bonorem
698 2144 906 2224 malorumque
937 2143 1093 2205 civitatem
1125 2143 1211 2224 oripo
1245 2143 1401 2224 repetitor.
1454 2145 1534 2206 Nam

348 2253 436 2309 recte
465 2243 544 2310 visit
574 2243 881 2310 Schleiermacherns
910 2266 944 2326 p.
977 2245 1049 2309 589.
1073 2241 1095 2308 l.
1126 2251 1207 2308 extr.
1240 2251 1321 2329 etp.
1343 2247 1417 2308 593.
1447 2243 1471 2308 Ι.
1503 2249 1532 2308 5.

347 2344 445 2412 verba
474 2341 602 2432 ξύμπας
624 2349 659 2413 δὲ
682 2337 779 2423 οὗτος
807 2343 960 2436 ἀριθμός
988 2343 1204 2435 γεωμετρικὸς
1229 2347 1390 2428 perdnere
1422 2345 1463 2411 ad
1494 2367 1531 2412 ea

349 2451 453 2514 omnia
476 2470 557 2534 quae
578 2452 684 2515 indeo
701 2448 808 2516 verbis
841 2444 1039 2540 ἀνθρωπείῳ
1071 2452 1105 2514 δὲ
1134 2451 1197 2514 huo
1218 2471 1317 2536 nsque
1352 2451 1525 2515 dictasint.
1630 2505 1631 2516 .

801 2667 1059 2679 —m—

812 2822 1063 2924 Epimclrom.

433 3011 527 3087 Quod
556 3014 649 3073 antea
676 3029 710 3091 p.
746 3009 816 3074 ttt.
847 3019 914 3075 not.
943 3009 983 3074 de
1011 3010 1146 3075 lectione
1175 3011 1291 3076 codicis
1321 3011 1460 3076 Parisini
1494 3018 1532 3075 Α.

348 3112 556 3188 coniecimus,
578 3111 611 3176 id
632 3131 715 3177 nune
737 3111 836 3194 ipsius
858 3112 975 3178 codicis
997 3116 1178 3180 testimonio
1199 3112 1387 3178 mirabiliter
1416 3111 1532 3180 confir·
1584 3189 1588 3196 .

348 3223 463 3282 matur.
508 3219 588 3279 Eum
610 3217 639 3278 C.
665 3217 817 3297 Kcmpfios
838 3215 1068 3292 Berolinensis,
1094 3226 1224 3300 rogatus
1246 3237 1264 3281 e
1285 3215 1393 3289 nobis,
1433 3237 1533 3301 qnnm

270 3313 281 3322 ’
347 3317 475 3384 Parisiis
491 3328 594 3391 esset,
618 3338 683 3383 non
698 3321 800 3384 solnm
815 3318 968 3406 inspexit,
991 3318 1047 3384 sed
1069 3324 1177 3384 charta
1198 3319 1271 3384 oleo
1288 3317 1404 3384 infecte
1425 3339 1534 3403 snper·

347 3421 495 3508 imposita
517 3430 660 3486 accurate
684 3421 861 3506 exscripsit.
907 3425 974 3487 Hae
995 3421 1205 3508 descriptione
1228 3431 1260 3488 et
1291 3421 1431 3506 imagine
1462 3424 1528 3486 lite·

346 3546 455 3590 rernm
486 3527 548 3590 tria
580 3524 673 3590 simul
703 3533 886 3610 patescunt:
921 3528 1059 3611 primum
1092 3528 1124 3604 1)
1156 3525 1329 3590 variantem
1361 3524 1526 3588 lectionem

346 3629 500 3714 appiotem
523 3649 593 3692 esse
616 3630 647 3692 ei
668 3627 793 3699 versui,
816 3630 849 3692 in
873 3649 937 3712 quo
960 3626 1150 3694 vocobulum
1173 3631 1351 3718 φαίνονται
1378 3629 1531 3712 seriptum

347 3739 464 3804 exstat,
487 3733 580 3814 eique
609 3728 764 3796 vocabulo
788 3731 851 3814 ipsi
880 3741 1029 3817 punetnm
1056 3731 1354 3813 superimpositum,
1384 3733 1439 3809 (de
1471 3751 1532 3814 qna
1630 3719 1631 3760 ³

347 3853 383 3898 re
405 3831 445 3896 cI.
466 3835 563 3899 Bostii
576 3843 747 3899 comment.
765 3833 924 3920 palaeogr.
942 3855 976 3917 p.
994 3833 1082 3917 855.)
1098 3837 1130 3899 id
1145 3833 1320 3917 neglexisse
1334 3833 1529 3908 notkerum,

347 3955 422 4001 vere
444 3939 568 4000 tradere
590 3939 775 4012 Faehsium3
799 3940 937 4002 secundo
960 3936 989 4020 2)
1006 3937 1180 4002 variantem
1194 3935 1363 4004 lectionem
1379 3956 1450 4000 esse
1467 3957 1533 4000 non

348 4042 516 4124 λέγονται,
540 4039 624 4121 qnod
645 4040 794 4104 Faehsins
816 4039 895 4104 falso
918 4042 1059 4114 tradidit,
1083 4043 1139 4106 sed
1161 4043 1326 4124 λέγοντες,
1349 4039 1435 4124 quod
1452 4043 1534 4104 Bek-

345 4141 430 4221 keri‚
453 4140 514 4207 viri
528 4140 561 4206 in
576 4142 716 4226 legendIs
732 4140 822 4208 eodd.
845 4163 919 4208 mss.
944 4143 1217 4219 exercitatissimi,
1241 4145 1429 4208 auctoritate
1452 4162 1535 4206 eon-

346 4243 466 4322 stahot3
495 4245 591 4311 tertio
603 4248 638 4320 3)
659 4254 747 4311 reete
776 4244 922 4312 retulisse
953 4249 1135 4312 Bekkerum
1163 4246 1335 4312 variantem
1364 4245 1535 4310 lectionem
