3298 5232
885 299 1114 426 *idd-

400 535 453 602 pe*
460 515 635 600 βέλτιστα,
663 516 751 606 dicct>
773 511 916 600 devesei,
939 515 1111 594 ίκανιῖοέν
1132 517 1202 594 τοῖς
1219 511 1425 604 ἔμπροσθεν,
1447 507 1491 590 τίς
1506 497 1580 604 ἐγῷ-

400 645 481 706 μαι,
509 614 706 706 διήλθομεν.
744 612 878 703 ΙἹαανῶς
906 613 980 708 γοίρ.
1023 618 1097 686 Νῦν
1126 613 1183 700 δὴ,
1212 611 1256 696 ὡς
1283 615 1385 696 ἔοικε,
1414 615 1582 702 ξυμβαίνει

401 715 481 810 ἡμῖν
501 722 653 815 περὶτῆς
673 722 880 810 νομοθεσίας
901 719 1024 813 όίριστα
1050 727 1111 809 μὲν
1138 711 1223 788 εἶναι
1248 713 1272 786 d
1299 722 1453 808 λέγομεν,
1484 715 1517 786 εἰ
1535 722 1584 805 γε’-

403 849 512 907 νοιτο,
546 821 706 914 χαλεπόν
740 830 782 892 δὲ
813 829 1040 912 γενέσθαι,
1072 819 1119 892 οὐ
1140 817 1502 912 μέντοιοῖδόνατοί
1532 847 1583 908 με.

403 923 582 1016 Ξομβαίνει
605 924 687 1016 γὰρ,
717 929 792 1020 ἔφη.
831 927 876 994 cf.
898 950 931 1016 p.
956 931 1030 994 502.
1054 931 1097 998 in.
1121 931 1164 996 St.
1207 929 1294 994 Haec
1323 929 1454 1014 quidem
1480 928 1586 993 omnia

402 1035 578 1105 resecanda
597 1031 703 1100 forent
723 1031 752 1099 si
773 1036 806 1098 in
828 1034 1011 1118 quaerenda·
1029 1033 1148 1098 iustitia
1166 1033 1300 1116 eiusque
1315 1038 1429 1096 natura
1444 1038 1479 1096 et
1493 1049 1584 1113 prae

403 1136 478 1202 miis
500 1137 641 1222 dialogus
658 1144 856 1213 ,versaretun
880 1143 912 1202 et
932 1135 961 1202 si
980 1136 1117 1203 iustitiae
1138 1135 1240 1202 solnm
1264 1133 1471 1221 explicandae
1494 1155 1586 1200 cansa

403 1239 593 1326 Respublica
613 1238 858 1308 describeretur.
903 1243 982 1314 Nam
1005 1238 1081 1324 quid
1102 1247 1170 1306 tum
1192 1241 1345 1306 attinebat
1362 1241 1495 1318 docere,
1520 1235 1584 1302 fieri

404 1363 445 1410 ca
465 1364 572 1429 pesse,
596 1355 628 1411 et
649 1365 713 1430 quo
734 1347 830 1418 medo
850 1334 921 1408 fie'ri
942 1343 1065 1430 possint
1079 1341 1268 1416 ostenderet
1290 1341 1465 1408 Nenaliud
1483 1351 1584 1406 minen

402 1449 560 1532 spectavit
586 1447 694 1525 Plato,
730 1467 829 1533 quum
858 1445 989 1530 doceret
1005 1445 1086 1532 *fieri
1113 1468 1226 1531 posse,
1256 1445 1487 1531 utaliquando
1509 1467 1584 1510 unus

407 1571 426 1614 e
447 1570 558 1634 regum
580 1547 652 1620 tiliis
673 1552 880 1638 philosophus
902 1549 972 1628 fiat,
1003 1571 1063 1617 nec
1084 1552 1201 1618 annum
1223 1548 1311 1624 fure,
1341 1551 1368 1616 si
1391 1547 1515 1616 subditi
1536 1569 1585 1614 το

404 1650 518 1737 luenti
546 1651 614 1720 eius
641 1662 792 1740 pareant,
821 1658 908 1741 leges
931 1653 1050 1722 ferenti
1077 1675 1131 1724 eas
1153 1676 1232 1741 quas
1254 1661 1347 1720 antea
1368 1651 1581 1739 descripserit.
1637 1673 1638 1704 1

405 1759 446 1824 Et
466 1777 507 1824 ne
521 1777 609 1844 ‚opus
631 1760 760 1844 quidem
781 1767 850 1824 erat
870 1762 949 1826 haee
970 1761 1107 1834 docere,
1139 1756 1168 1824 si
1188 1757 1493 1844 praestantissimam
1515 1755 1584 1824 eivi-

405 1867 514 1940 tatem,
537 1883 620 1946 quae
637 1867 748 1930 ¹tamen
767 1846 899 1948 eogitari
921 1863 1122 1931 selummodo
1143 1881 1209 1928 non
1230 1860 1301 1928 fieri
1322 1867 1445 1945 posset,
1471 1859 1583 1928 descri-

405 1965 485 2033 bere
507 1965 670 2033 voluisset.
714 1969 793 2035 Rem
815 1966 859 2034 ita
880 1987 950 2033 esse
972 1968 1041 2049 ipse
1061 1964 1149 2033 Plato
1172 1986 1208 2044 re
1229 1963 1388 2049 sectoque,
1410 1965 1529 2030 itinere
1549 1965 1584 2028 ad

405 2065 590 2152 Dionysium
612 2069 736 2145 Siciliae
764 2077 931 2154 tyrannum
951 2068 1146 2155 reipublicae
1168 2067 1378 2136 instituendae
1401 2089 1502 2134 causa
1523 2089 1584 2134 ειεε·

407 2177 510 2256 cepte,
535 2170 762 2258 comprobavit.
804 2171 885 2242 Vide
907 2171 1072 2241 nobiseum
1094 2173 1127 2241 in
1148 2171 1199 2238 his
1218 2174 1474 2240 'consentientem
1491 2175 1525 2243 C.
1535 2175 1581 2236 Fr.

407 2275 623 2346 flerumnun
645 2277 679 2343 in
698 2275 846 2360 Historia·
860 2275 1081 2362 philosophiae
1101 2273 1281 2344 Platonicae
1302 2295 1338 2362 p.¹
1356 2279 1408 2342 66.
1433 2295 1505 2362 sqq.
1542 2275 1585 2345 G..

407 2375 504 2446 etiarn
523 2366 607 2464 legg.
628 2377 686 2448 tin.
709 2383 763 2450 lv.
787 2400 817 2467 p.
840 2383 915 2448 709.
940 2387 1023 2449 extr.
1045 2381 1091 2448 St.

853 2695 1038 2764 sufflo
1069 2698 1145 2762 N·

445 2947 446 2952 ε
494 2897 590 2968 Istam
616 2895 836 2982 quaestionem
857 2910 895 2982 p.
927 2901 1008 2976 502,
1048 2898 1083 2964 G.
1116 2898 1162 2964 st.
1193 2895 1311 2984 excipit
1338 2895 1419 2963 alia:
1465 2892 1587 2964 Οὐκοῦν

410 2997 520 3082 ἐπειδὴ
543 3000 642 3068 τοῦτο
662 2994 760 3088 μόγις
775 3004 867 3078 τέλος
882 2999 964 3089 ἔσχε,
986 2998 1034 3068 τὰ
1058 3002 1259 3068 ἐπίλοιπα
1279 2997 1323 3082 δὴ
1341 2997 1446 3089 μετὰ
1471 3001 1587 3068 τοῦτο

410 3107 597 3182 λεκτέον,
626 3103 699 3172 τίνα
728 3098 853 3194 τρόπον
882 3097 1042 3190 ἡμῖνκαὶ
1068 3105 1103 3172 ἐκ
1125 3104 1220 3174 τίνων
1241 3099 1459 3192 μαθημάτων
1482 3129 1516 3172 τε
1539 3109 1589 3171 καὶ

412 3201 675 3296 ἐπιτηδευμάτων
704 3211 736 3273 οἱ
765 3207 908 3301 σωτῆρες
933 3209 1099 3276 ἐνέσονται
1127 3209 1186 3290 τῆς
1210 3209 1395 3296 πολιτείας,
1423 3204 1590 3276 καὶκατὰ
1637 3201 1638 3240 i

412 3312 511 3390 ποίας
546 3305 676 3393 ἡλικίας
712 3313 846 3378 ἕκαστοι
881 3305 1025 3382 ἑκάστων
1056 3306 1254 3399 ἁπτόμενοι,
1289 3315 1435 3380 Λεκτέον
1469 3316 1590 3400 μέντοι,

414 3415 489 3510 ἔφη.
536 3409 653 3496 Οὐδὲν,
671 3399 711 3496 ἦν
732 3408 765 3481 δ’
789 3410 865 3499 ἐγὼ,
896 3403 935 3480 τό
957 3408 1066 3508 σοφόν
1086 3440 1145 3504 μοι
1165 3416 1290 3500 ἐγένετο
1312 3411 1427 3498 τόντε
1449 3419 1517 3484 τοῖν
1538 3441 1592 3504 yu-

414 3519 535 3602 ναιετῶν
556 3519 615 3600 τῆς
636 3511 779 3600 κτήσεως
800 3519 995 3608 δυσχέρειαν,
1013 3520 1047 3586 ἐν
1069 3521 1114 3612 τῷ
1129 3510 1282 3610 πρόσθεν
1296 3514 1525 3610 παραλιπόντι
1541 3525 1591 3586 καὶ

414 3622 632 3709 παιδογονίαν
653 3617 789 3702 καὶτὴν
811 3621 874 3689 τῶν
895 3616 1062 3712 ἀρχόντων
1083 3618 1299 3705 κατάστασιν,
1323 3619 1434 3704 εἰδότι,
1461 3619 1506 3702 ὡς
1530 3625 1592 3692 ἐπί·

417 3723 554 3818 φθονός
575 3752 609 3794 τε
630 3732 686 3816 καὶ
705 3722 831 3815 χαλεπὴ
852 3721 1073 3814 γίγνεσθαιτί
1095 3728 1259 3806 παντελῶς
1283 3722 1510 3816 όληθής·’νῦν
1533 3727 1592 3816 γὰρ

377 3836 381 3844 “
417 3825 512 3900 οὐδὲν
533 3821 632 3913 ἧττον
653 3817 744 3913 ἦλθε
765 3825 803 3898 τό
828 3832 894 3899 δεῖν
916 3825 1003 3900 αὐτοὶ
1027 3833 1205 3926 διελθεῖν.Δ
1230 3832 1301 3898 Καὶ
1323 3827 1446 3917 τὰμὲν
1468 3828 1511 3912 δὴ
1535 3835 1595 3900 τῶν
1637 3867 1638 3898 ;

417 3935 581 4020 μνναικῶν
606 3959 640 4002 τε
668 3939 725 4002 καὶ
750 3933 875 4000 παίδων
895 3937 1111 4026 πεπέρανται,
1139 3931 1178 4002 τὸ
1201 3937 1236 4004 δὲ
1258 3935 1321 4001 τῶν
1342 3929 1511 4024 ἀρχόντων
1536 3929 1595 4002 tte-
1637 3925 1638 3950 ¹

417 4059 478 4127 περ
510 4036 543 4118 ἐξ
569 4033 673 4126 ἀρχῆς
698 4040 874 4126 μετελθεῖν
896 4039 953 4107 δεῖ.
996 4040 1085 4116 Quae
1111 4037 1213 4104 adhuc
1236 4037 1319 4104 dieta
1340 4046 1413 4105 sunt
1434 4040 1476 4105 da
1497 4043 1595 4125 magi·

303 4184 309 4194 ·
418 4139 569 4208 stratibus
596 4142 688 4228 sequi
715 4142 863 4208 sidentur
891 4161 932 4208 ex
959 4139 1222 4227 praecedentibus
1249 4149 1283 4209 et
1302 4149 1451 4228 tanquam
1472 4144 1596 4230 integra

419 4237 532 4315 eorum
552 4265 627 4334 pars
649 4266 731 4314 esse.
774 4247 895 4313 Eodem
923 4249 1020 4324 modu
1042 4267 1076 4314 se
1097 4265 1150 4314 res
1170 4247 1268 4316 habet
1287 4266 1359 4316 cum
1379 4249 1596 4334 sequentibus,
