3296 5232
763 361 1077 448 ‘-seo-

376 560 440 611 non
464 538 543 606 alius
564 537 634 606 linis
656 545 719 619 est,
742 559 836 625 qnam
858 541 990 615 dooere,
1011 539 1153 628 perlecta
1173 543 1232 608 hac
1254 541 1381 608 civitate
1401 539 1492 620 lieri,
1525 549 1565 608 ut

376 642 489 716 animis
518 646 634 710 nostris
663 645 766 709 aditus
797 643 837 718 ad
865 645 1020 710 coelestia
1033 653 1155 732 palem.
1199 648 1247 711 lta
1278 648 1374 712 etiam
1401 645 1563 714 iudicasse

377 747 489 818 Cicera
509 747 651 826 videtur,
674 767 771 833 quum
792 746 995 834 Reipublicae
1017 769 1092 826 suae
1119 751 1277 816 somnium
1299 749 1476 834 Scipionis,
1509 749 1562 816 la·

375 850 470 917 bulae
499 854 570 916 Eris
601 849 812 928 simillimum,
825 857 828 874 ¹
843 851 984 921 adderet.
1029 851 1075 917 Cf.
1104 850 1225 924 librum⁴
1241 857 1283 919 de
1305 851 1483 936 Republica
1502 855 1560 920 VI.

374 955 408 1040 ὃ.
434 957 507 1020 13.:
535 956 624 1048 obed
647 974 711 1039 qno
733 959 796 1030 sis,
820 955 979 1032 Africana,
1003 956 1138 1022 alacrior
1159 955 1199 1023 ad
1221 961 1384 1023 tutandum
1407 979 1479 1024 rem
1500 979 1563 1041 pu·

374 1057 502 1134 blicam,
524 1059 570 1122 sic
592 1055 725 1127 habeto:
749 1061 907 1136 omnibus,
931 1061 986 1144 qui
1007 1063 1141 1146 patriam
1163 1063 1401 1137 conservarint,
1426 1063 1561 1126 adinve-
1640 1109 1641 1112 ,

374 1163 457 1238 rint,
488 1163 651 1235 auxerint,
685 1169 804 1228 certum
832 1183 900 1228 esse
928 1163 1071 1228 incaelo
1094 1185 1132 1228 ae
1153 1162 1316 1248 delinitum
1337 1165 1466 1241 locum,
1504 1167 1563 1230 ubi
1640 1167 1641 1252 ξ

374 1266 461 1331 beati
483 1283 565 1330 aevo
587 1264 783 1348 sempiterno
804 1264 968 1333 fruantur:
987 1267 1071 1333 nibil
1093 1274 1140 1332 est
1162 1269 1246 1333 enim
1262 1267 1309 1336 illi
1323 1268 1466 1355 principi
1480 1272 1561 1343 Deo,

376 1371 430 1456 qui
464 1390 590 1434 omnem
619 1370 702 1434 hunc
731 1373 884 1435 mundum
905 1373 1002 1455 regit,
1034 1371 1120 1457 quod
1149 1371 1278 1457 quidem
1304 1373 1338 1436 in
1368 1374 1466 1438 terris
1486 1371 1560 1450 liat,
1640 1399 1641 1432 ι

375 1475 550 1558 acceptius,
574 1491 669 1555 quam
691 1472 824 1549 concilia
845 1482 1017 1562 coetusque
1038 1477 1203 1542 hominum
1224 1478 1295 1542 iure
1312 1475 1453 1552 sociati,
1480 1497 1561 1562 quae
1640 1453 1641 1480 ¹

377 1575 527 1642 civitates.
541 1573 754 1660 appellantur:
779 1575 890 1644 barum
912 1587 1052 1645 rectores
1075 1586 1108 1644 et
1129 1586 1368 1646 conservatores
1390 1581 1470 1646 hinc
1485 1601 1560 1664 pro-

375 1678 451 1745 fecti
471 1683 532 1744 huc
553 1687 792 1745 revertuntur.»
838 1679 885 1746 Cl.
909 1677 941 1746 et
962 1683 994 1766 ὅ.
1020 1685 1069 1748 15.
1091 1685 1144 1746 26.

464 1784 652 1852 Universum
678 1785 788 1869 igitur-»1
803 1785 916 1854 decimi
940 1784 1014 1851 libri
1040 1793 1258 1870 argumentum
1279 1788 1559 1860 considerantibus

375 1885 469 1960 uobis
498 1885 736 1953 concedendum
763 1909 840 1954 esse
860 1892 1000 1965 videtur,
1033 1889 1116 1956 buno
1142 1898 1336 1976 postremum
1358 1889 1501 1968 librum,
1531 1891 1558 1958 si

376 1998 596 2077 argumentum
617 1992 720 2056 solum
741 1992 848 2075 operis
869 1993 1037 2076 respicias,
1071 2013 1135 2059 non
1163 2013 1232 2060 esse
1259 1995 1393 2081 omnino
1411 2015 1559 2060 necessa-

376 2097 477 2169 rium,
499 2093 579 2160 sicut
600 2113 659 2158 nec
680 2095 817 2179 primum
839 2098 974 2170 librum,
997 2095 1194 2178 obeundam
1215 2101 1295 2190 hanc
1317 2119 1466 2174 causam,
1493 2121 1558 2163 om·

379 2200 454 2263 nino
479 2198 693 2262 necessarium
723 2218 793 2262 esse
820 2197 974 2275 vidimus,
1010 2194 1066 2266 sed
1094 2209 1200 2287 aptum
1222 2208 1343 2281 tamen,
1376 2209 1410 2266 et
1430 2209 1559 2285 gratum
1640 2181 1641 2260 l

377 2297 572 2385 legentibus,
595 2308 639 2377 et,
661 2307 697 2366 ut
717 2303 853 2387 primum
874 2306 1031 2388 prooemii
1054 2308 1097 2369 ita
1117 2308 1202 2370 hunc
1223 2304 1339 2390 epilogi
1361 2304 1483 2379 instar,
1507 2326 1561 2370 or·
1640 2305 1641 2348 ἶ

376 2406 516 2470 nomenti
537 2425 630 2471 cause
651 2403 841 2475 addendum.
885 2409 964 2472 Nam
991 2407 1068 2472 tanti
1095 2407 1134 2474 de
1161 2407 1336 2492 Republica
1362 2407 1468 2474 habiti
1496 2430 1562 2474 ser·

377 2529 501 2586 mones,
524 2511 609 2596 quod
631 2509 694 2574 iam
715 2529 808 2596 supra
830 2508 1084 2595 significavimus,
1107 2519 1333 2598 nonpnterant
1347 2519 1412 2577 tam
1431 2512 1560 2579 exiliter
1640 2537 1641 2580 t

377 2611 565 2688 decurrere,
601 2633 694 2698 quam
723 2634 760 2677 re
789 2634 864 2679 vera
891 2611 1007 2679 lactum
1038 2622 1147 2691 esset,.
1175 2617 1201 2682 si
1222 2635 1308 2680 nono
1330 2614 1420 2694 libro,
1433 2613 1558 2682 linitum

376 2726 459 2783 esset
480 2737 571 2801 opus.
613 2715 800 2782 Addendum
822 2718 920 2801 igitur
934 2717 1053 2804 aliquid
1067 2716 1127 2783 luit
1142 2719 1255 2804 Operis
1275 2717 1347 2794 lini,
1370 2720 1460 2802 quod
1483 2741 1558 2784 oon-

375 2821 514 2886 iunctum
545 2841 617 2890 oum
646 2828 832 2907 argumento
861 2815 975 2905 Operii
997 2822 1154 2888 lectorum
1176 2819 1416 2888 admirationem
1448 2821 1557 2888 denuo
1640 2823 1641 2894 ?

374 2923 546 3000 excitaret,
582 2923 683 3009 quale·
702 2927 780 2990 haeo
810 2932 857 2990 est
885 2928 924 2990 de
945 2925 1083 2991 iustitiae
1112 2913 1260 3012 praemiis
1282 2925 1487 3011 disputatio„
1509 2929 1558 2992 oui

377 3047 482 3096 sermo
510 3026 550 3093 de
575 3026 752 3093 animorum
782 3029 1016 3096 immortalitate
1045 3037 1077 3094 et
1103 3032 1290 3113 migratione
1319 3037 1351 3100 et
1371 3029 1445 3096 Eris
1468 3034 1559 3095 Pam·
1640 3043 1641 3060 ¹

376 3131 475 3218 phylii
496 3133 636 3198 narratio
657 3141 729 3216 apte
752 3142 968 3203 annectuntur.
1017 3137 1083 3198 Nec
1104 3131 1245 3199 oblivisci
1268 3139 1393 3219 poterat
1414 3154 1559 3199 summm

376 3235 535 3314 scribendi
566 3235 687 3302 artilex.
706 3235 809 3311 Plato,
836 3239 931 3322 -quod
959 3244 1006 3303 est
1033 3231 1066 3303 in
1094 3239 1284 3324 proverbio:
1319 3234 1389 3300 finis
1422 3245 1558 3304 coronat
1640 3231 1641 3244 ¹

374 3360 464 3425 opus.
508 3343 640 3406 Veteres
664 3339 748 3404 enim
770 3348 916 3406 auctores
933 3349 970 3408 et
990 3341 1134 3425 inprimis
1155 3341 1243 3407 Pluto
1257 3345 1331 3406 uon
1361 3341 1436 3406 satis
1460 3345 1559 3407 habe-

374 3443 451 3510 bant
472 3443 635 3528 scripsisse
657 3466 772 3527 opera,
803 3465 885 3531 quae
907 3443 1069 3511 desiderio
1098 3465 1210 3512 eorum
1237 3445 1292 3529 qui
1321 3444 1429 3510 doceri
1460 3445 1558 3512 modo

375 3549 494 3615 vellent
515 3547 745 3624 satisfacerent,
779 3548 834 3615 sed
857 3570 937 3635 quae
960 3552 998 3615 iis
1020 3550 1115 3615 etiam
1137 3549 1312 3636 placerent,
1329 3551 1401 3634 gui
1425 3552 1558 3634 egregia

376 3660 408 3718 et
442 3651 611 3719 artificiosa
646 3672 778 3739 operum
799 3652 1064 3732 'conformatione
1102 3653 1344 3718 delectarentur.
1401 3651 1499 3731 Quod
1533 3653 1559 3719 si

374 3754 467 3820 huius
488 3758 537 3826 rei
557 3755 639 3822 bene
661 3777 782 3824 memor
803 3759 912 3834 fueris,
935 3778 994 3824 nec
1014 3757 1153 3850 primum
1175 3777 1234 3824 neo
1254 3757 1557 3843 postremum-bunc

374 3857 491 3924 librum
513 3864 553 3927 ab
576 3863 631 3926 his
647 3864 687 3926 de
700 3861 879 3948 -Republion
895 3863 1094 3929 sermonibus
1117 3863 1255 3928 rescindi
1269 3860 1333 3926 ullo
1348 3859 1445 3926 modo
1461 3881 1556 3946 posse

375 3961 542 4030 iudicabis.
598 3967 697 4041 Nam,
737 3972 773 4030 ut
813 3965 951 4051 Platonis
979 3969 1078 4032 verba
1106 3985 1176 4032 mea
1204 3964 1332 4041 faciam,
1370 3967 1423 4030 dei
1445 3960 1556 4032 πάντα

373 4062 474 4152 λόγον
505 4057 610 4156 ὥσπερ
638 4071 720 4148 ζῶον
749 4066 945 4137 συνεστάναι
973 4065 1068 4156 σῶμά
1096 4093 1128 4135 τι
1158 4063 1273 4156 ἔχοντα
1302 4064 1405 4134 αὐτὸν
1433 4063 1556 4148 αὑτοῦ,
1640 4097 1641 4102 ’

376 4161 457 4238 ὥστε
479 4163 561 4259 μήτε
583 4166 752 4264 ἀκέφαλον
776 4161 861 4240 εἶναι
880 4169 961 4260 μήτε
983 4169 1100 4250 ἄπουν,
1124 4167 1211 4240 ἀλλὰ
1230 4175 1318 4262 μέσα
1339 4195 1374 4240 τε
1396 4170 1479 4260 ἔχειν
1502 4177 1557 4238 καὶ
