3312 5238
560 413 610 432 ›-
651 381 714 447 113
756 413 797 429 -

91 540 202 606 sertim
223 559 322 626 quum
340 559 393 606 res
411 539 481 625 ipsa
508 537 621 607 doceat
643 561 716 606 enm
734 537 900 626 promissis
917 539 1054 616 stetisse,
1078 543 1175 624 atqne
1193 536 1273 608 adeo

88 642 125 708 in
150 646 214 709 hoc
240 645 311 729 ipso
337 646 421 710 libro
449 651 557 710 veram
589 641 781 713 fortitudinis
811 641 1025 709 definitionem
1048 641 1270 730 proposuisse3

88 767 190 832 quum
211 745 355 814 inertibus
377 751 548 816 verborum
574 747 712 812 tloscnlis
741 767 857 813 ornare
881 746 1058 812 oraticnem
1084 768 1148 812 non
1173 749 1275 813 soleat

86 848 311 935 philosophus,
338 871 375 916 ac
396 871 491 938 saepe
510 871 559 927 ea,
591 870 672 935 quae
697 853 810 916 abesse
836 871 930 934 posse
955 855 1073 926 credas,
1096 871 1204 916 veram
1227 849 1275 916 di·

88 961 217 1020 ctorum
252 963 392 1034 mentem
424 954 590 1041 aperiant?
634 952 728 1032 Quod
766 955 794 1020 si
829 955 873 1020 ita
908 955 998 1041 quasi
1034 953 1139 1022 dedita
1172 974 1274 1039 opera

88 1055 234 1124 delemus
254 1057 389 1142 ¹uestigia
411 1057 524 1152 leviter
553 1077 627 1124 sane
649 1059 824 1146 impressa,
855 1047 936 1144 quae‘
964 1057 1004 1125 ad
1028 1080 1141 1124 verum
1166 1057 1274 1141 operis

86 1157 186 1226 finem
216 1160 468 1248 cognoscendum
494 1165 610 1226 ducere
636 1181 698 1228 nos
716 1163 857 1245 possint;
889 1161 917 1228 si
939 1183 1003 1246 non
1026 1165 1275 1248 interpretamur

87 1265 232 1330 auctoris
254 1267 369 1342 verba,
393 1264 449 1330 sed
471 1266 618 1353 precario
639 1263 791 1331 sumimus
814 1269 1025 1353 quodeunque
1043 1264 1135 1332 nobis
1149 1263 1274 1333 libitum

87 1374 148 1446 est,
177 1376 245 1434 tum
273 1389 348 1440 sane
375 1371 493 1441 mirum
519 1367 663 1435 accidere
688 1390 753 1461 non
780 1369 913 1454 poterit,
943 1372 971 1436 si
996 1371 1030 1436 in
1053 1367 1273 1437 constituendo

87 1491 171 1538 vero
194 1474 300 1558 operis
324 1471 387 1542 fine
413 1476 607 1552 aberremus.

498 1839 500 1844 .
544 1771 730 1836 SECHO
762 1774 814 1839 V·

181 1984 249 2058 Δύο
270 1985 345 2078 μὴν,
367 2013 408 2071 ην
430 1985 462 2056 d'
487 1986 558 2076 dyo),
581 1989 628 2058 ἑτι
650 1985 807 2068 tornulo
802 1984 882 2056 dei
899 1992 1081 2058 κατιδεῖν
1065 2015 1098 2058 ιν
1113 2017 1151 2086 τη
1137 1985 1272 2074 πόλει,

85 2087 107 2178 η’
132 2120 168 2161 τε
192 2089 390 2214 σωφροσύνη
412 2099 468 2160 καὶ
492 2083 531 2174 οὗ
554 2090 635 2176 dist
607 2119 710 2162 svera
736 2089 845 2162 πάντα
871 2095 1042 2186 ζητοῦμεν,
1070 2065 1273 2186 δικαιοσύνη.

86 2193 190 2270 Πάνυ
219 2205 280 2286 μὲν
309 2183 377 2264 ούν.
419 2197 501 2275 Πῶς
532 2195 591 2264 ούν
620 2194 661 2265 ἂν
691 2195 749 2280 τὴν
778 2193 1044 2280 δικαιοσύνην(
1017 2188 1184 2292 εύροιμιν,
1217 2193 1273 2298 ι’νοι

84 2304 207 2423 μηκέτι
232 2295 549 2423 πραγματευώμεθα
577 2307 649 2390 ντιιιὶ
676 2297 910 2394 commodum,-
938 2297 1028 2419 Ειώ
1056 2309 1116 2389 μὲν
1145 2301 1271 2385 τοίνυν,

86 2405 173 2530 ἔιιιη,
209 2399 283 2470 ούτε
298 2393 394 2470 οἶδα
428 2399 494 2470 ούτ
520 2399 561 2470 ἂν
589 2405 777 2521 βουλοίμην
804 2401 886 2472 αὐτὸ
915 2401 1077 2528 πρότερον
1106 2406 1272 2498 φανῆναι,

87 2509 180 2593 εἴπερ
202 2509 317 2593 μηκέτι
340 2502 597 2600 ἐπισκεψόμεθα
620 2503 853 2631 οωφιιοσύνην·
882 2503 968 2575 oll'
976 2533 1002 2576 ει
1026 2509 1134 2597 ἔμοιγε
1156 2503 1272 2594 βούλει

86 2613 306 2736 ιαριζεοθοιι,
335 2605 450 2677 σκόπει
471 2605 637 2730 πρότειον
653 2611 752 2678 τοῦτο
777 2612 906 2680 ἐκεινου
945 2607 1056 2679 Ἀλλὰ
1077 2615 1216 2702 μέντοι,
1223 2637 1274 2695 ην

87 2711 123 2782 d
151 2710 223 2802 ἐγὼ,
244 2710 412 2800 βούλομαι
428 2738 478 2800 με,
501 2739 527 2778 ει
548 2711 594 2802 μὴ
617 2707 729 2783 siderei
762 2710 891 2782 Σκοτει
907 2711 1044 2800 δη,
981 2742 1055 2808 εφη.
1090 2717 1136 2782 Cf
1154 2738 1184 2804 p
1200 2717 1272 2794 t30,

79 2823 129 2894 l).
177 2819 246 2902 Hoc
269 2817 363 2885 etiam
386 2821 459 2884 loco
479 2819 554 2882 satis
578 2822 760 2896 commode,
793 2840 833 2886 ex
857 2818 973 2904 dialogi
996 2823 1125 2905 quidem
1150 2829 1273 2906 nature,

87 2945 154 3012 qna
182 2926 284 2990 omnis
310 2923 528 3008 disputationis
556 2922 654 3002 ordo,
687 2945 752 2988 non
775 2944 816 2989 ex
837 2943 948 2989 rerum
972 2927 1114 3011 ipsarum
1138 2925 1269 3004 ordine,

87 3027 148 3093 sed
176 3049 195 3092 a
223 3027 468 3113 colloquentium
491 3027 651 3100 voluntate
684 3031 821 3114 pendere
848 3027 990 3106 videtur,
1027 3028 1087 3094 sihi
1107 3028 1273 3114 imponere

86 3133 210 3218 patitur
223 3131 443 3198 necessitatem
458 3129 498 3197 de
513 3133 718 3217 temperantia
733 3130 923 3217 disputandi,
951 3151 1161 3218 quamquam,
1186 3135 1273 3219 quod

89 3255 150 3321 per
178 3256 212 3302 se
237 3233 364 3322 planum
385 3243 450 3312 est,
475 3255 512 3300 ea
533 3255 585 3300 res
606 3236 646 3299 ad
663 3234 795 3301 instituti
810 3239 966 3314 sermonis
978 3255 1089 3302 verum
1103 3233 1198 3302 finem
1216 3257 1274 3302 ne·

91 3337 230 3406 cessaria
252 3346 330 3415 erat,
353 3359 422 3415 nec,
447 3337 511 3415 pisi
532 3361 675 3404 mancam
694 3338 788 3404 vellet
807 3361 875 3404 esse
894 3337 1274 3426 disputationem,'0mitti

89 3451 229 3530 poterat.
274 3445 352 3510 Nam
380 3442 516 3520 iustitia,
545 3463 627 3529 quae
651 3453 699 3508 est
720 3445 820 3511 virtus
844 3442 1046 3522 universalis,
1078 3465 1187 3538 quum,¹
1204 3443 1272 3532 sine

89 3547 229 3632 reliquis
255 3543 424 3614 virtutibus
448 3567 512 3614 non
533 3555 640 3633 posset
668 3548 820 3624 inveniri,
853 3549 1060 3614 haecomnia
1086 3555 1157 3614 ante
1177 3539 1273 3638 quae·

87 3649 191 3717 renda
226 3648 388 3716 fuerunt·
412 3652 505 3728 Quod
539 3653 565 3715 si
599 3671 676 3716 vero
706 3660 778 3716 ante
809 3650 1079 3737 pronunciavisset
1105 3657 1272 3732 Socrates,

90 3771 125 3820 se
148 3752 298 3831 iustitiae,
321 3754 579 3840 quamreliquae
599 3755 731 3820 virtutes
755 3753 926 3832 efficerent,
956 3752 1162 3830 inveniendae
1179 3776 1273 3823 causa

86 3858 145 3924 has
170 3857 301 3924 virtutes
327 3879 492 3945 quaerere,
518 3857 675 3935 iustitiae,
707 3857 751 3922 ita
773 3859 837 3924 iam
863 3867 955 3924 antea
981 3859 1144 3944 cognitae,
1171 3862 1273 3946 gratia

86 3965 172 4056 hanc
201 3982 274 4029 eum
308 3962 463 4030 civitatem
494 3983 559 4028 non
590 3959 769 4028 condidisse
799 3965 1015 4050 appariturum
1052 3972 1130 4030 erat.
1176 3967 1272 4042 Quod

88 4067 238 4134 Socrates
260 4065 305 4132 ita
329 4063 509 4132 felicissime
533 4068 680 4146 evitabat,
716 4065 744 4134 si
775 4087 886 4132 eorum
911 4076 1049 4158 tantum,
1081 4065 1272 4155 quibuscum

88 4171 347 4257 colloquebatur,
361 4169 523 4248 ¹voluntati
544 4170 676 4248 cedens,
705 4168 745 4236 de
774 4173 980 4258 temperantia
1005 4175 1105 4252 verba
1129 4171 1271 4238 facturus

88 4297 162 4346 csse
186 4274 370 4360 videbatur,
407 4272 532 4344 imitans
560 4264 714 4346 sermonis
736 4274 879 4363 vulgaris,
895 4271 1175 4360 consuetudinem,
1207 4295 1270 4361 qua

1101 4383 1122 4447 8
