3312 5238
864 384 1011 454 1-ot
1051 421 1097 442 «-

395 565 429 612 τι
451 544 507 610 καὶ
528 533 635 610 ταῦτα
647 537 704 630 μὴ
720 537 1012 666 προθεραπεύσας.
1056 535 1203 664 οίδα,”
1183 571 1260 638 οιιιιι,
1281 535 1334 671 ίτι
1352 542 1502 614 ἔκπλυτα
1520 549 1576 614 καὶ

395 697 520 830 ζεσθαί
541 754 597 816 καὶ
611 745 722 838 ἡμᾶς,
752 741 807 817 ὅτε
829 745 1050 840 ἐξελεγόμεθα
1071 748 1150 830 τούς
1178 745 1386 843 στρατιώτας
1406 756 1460 825 καὶ
1483 753 1578 820 ἐπαι-

395 845 530 976 δεύομιν
543 871 686 972 μουσινρι
708 859 763 920 καὶ
785 857 996 950 γυμναστικῇ
1018 856 1173 943 μηδέν’
1143 858 1216 924 σίου
1238 852 1322 922 ἀλλο
1338 855 1577 942 μηχανᾶσθαι,

395 951 416 1037 5
432 946 520 1034 ὅπως
534 951 612 1080 ἡμῖν
629 947 681 1022 ὅτι
696 950 858 1024 utitem
878 955 955 1036 τούς
965 954 1090 1046 νόμους
1102 961 1297 1037 πεισθέντες
1311 949 1495 1040 δίξοιντο“
1469 981 1578 1043 ωσπερ

395 1055 565 1151 βαφὴν,
559 1054 614 1128 ίνα
633 1057 829 1140 δευσοποιὸς
849 1057 959 1130 αὐτῶν
974 1089 1000 1144 η
989 1056 1159 1143 ’δόξα
1126 1085 1271 1148 μιινοιτο
1293 1066 1360 1129 καί
1370 1066 1443 1152 περὶ
1464 1063 1580 1130 δεινῶν

396 1167 545 1253 καὶπερὶ
566 1163 630 1229 τών
652 1160 760 1231 ἀλλων
782 1160 838 1231 διὰ
860 1160 898 1230 τὸ
920 1159 979 1246 τήν
999 1190 1034 1232 τε
1056 1160 1235 1258 φύσινκαὶ
1259 1161 1317 1247 τὴν
1343 1161 1473 1285 τροφὴρ
1510 1167 1580 1234 ἐπι-

396 1266 732 1354 τηδείανίσχηιιέναι,
759 1264 881 1356 καὶμὴ
905 1263 1013 1336 αὐτῶν
1035 1265 1190 1334 ἐκπλύναι
1211 1265 1272 1350 τὴν
1292 1265 1409 1360 βαφὴν
1431 1265 1475 1334 τὰ
1497 1265 1580 1357 ῥύμ-

394 1395 486 1490 ματα
513 1370 619 1437 ταῦτα
648 1367 780 1437 δεινύι”’
760 1396 841 1444 οντα
863 1363 1089 1456 ἐκμλύζοιν,”
1067 1397 1088 1454 η
1109 1395 1143 1438 τε
1166 1365 1283 1453 ἡδονὴ,
1315 1368 1440 1450 παντὸς
1458 1374 1580 1459 χαλεσ-

396 1473 513 1592 τρμίου
544 1475 711 1564 δεινοτέρα
741 1459 827 1542 οὖσα
856 1476 955 1542 τούτο
979 1475 1067 1566 δρᾷν
1095 1480 1151 1540 καὶ
1180 1475 1308 1552 κονίας,
1342 1471 1428 1557 λύπη
1459 1499 1494 1541 τε
1523 1481 1580 1542 καὶ

396 1571 506 1670 φόβος
527 1581 592 1644 καὶ
604 1577 780 1700 ἐπιδαμία,
801 1574 926 1656 παντὸς
946 1574 1092 1646 ἀίλλουι
1075 1569 1255 1666 ρύμματος.
1277 1575 1336 1660 τίιν
1357 1574 1397 1659 55
1420 1573 1581 1660 τοιαύτην

398 1675 539 1768 δύναμιν
558 1685 615 1748 καὶ
638 1682 802 1771 σωτηρίαν
823 1677 880 1748 διά
899 1678 1024 1760 παντὸς
1045 1677 1141 1763 δόξης
1163 1677 1275 1767 ὀρθῆς
1296 1687 1408 1750 τεκαὶ
1435 1683 1580 1770 νομίμου

398 1785 510 1852 διινών
530 1786 682 1874 πέριιιιαὶ
703 1780 749 1870 μὴ
772 1779 909 1875 ἀνδρίαν
931 1784 1029 1871 ἔγωγε
1051 1787 1141 1852 καλῶ
1162 1789 1217 1852 καί
1239 1785 1397 1874 τίθεμαι,
1427 1781 1459 1864 ιί
1476 1781 1525 1872 μή
1550 1811 1580 1852 τι

397 1883 437 1956 ιι
468 1883 550 1954 ἄιιο
578 1889 693 1972 ιιμις.
733 1882 823 1960 ’Ata’
855 1883 963 1968 παι,
968 1875 1025 2008 ,ᾗ
1037 1883 1076 1954 ι’
1109 1881 1163 2005 εις,
1190 1890 1416 1973 μιαρίας
1432 1883 1500 1978 γάρ
1521 1913 1580 1976 μοι

398 1987 459 2072 τίιν
488 1985 601 2080 ὀρθὴν
630 1985 729 2072 δόξαν
758 1995 829 2080 περὶ
852 1991 915 2059 τών
937 1986 1045 2058 αὐτῶν
1066 1986 1191 2058 τούτων
1213 1987 1289 2060 ἀνευ
1310 1991 1462 2070 παιδείας
1485 2016 1581 2078 γεγο-

395 2098 507 2173 νυῖαν,
535 2089 594 2176 τήν
623 2117 657 2160 τι
686 2089 861 2220 θηριώδη
868 2099 924 2162 καὶ
946 2089 1202 2184 ἀνδραποδώδη,
1232 2091 1307 2164 ούτε
1329 2092 1415 2164 πάνυ
1432 2091 1581 2183 ,νόμιμον

396 2193 558 2323 57555555
591 2193 674 2266 ἀλλο
709 2200 746 2262 τί
779 2222 811 2264 τι
848 2193 869 2279 5
901 2193 1066 2288 ἀνδρείαν
1085 2201 1205 2268 καλεῖν.
1250 2194 1510 2282 Αληιέίστατα,
1541 2197 1581 2282 τίν

398 2297 471 2370 δ”
456 2296 534 2387 ιιώ,
558 2303 671 2386 λίιιις
711 2294 936 2388 ῗΑποδίιομαι
958 2301 1067 2368 τοίνυν
1090 2301 1187 2370 τούτο
1208 2293 1411 2390 ἀνδρείαν
1379 2328 1474 2372 swas.
1509 2305 1581 2370 Καὶ

396 2401 461 2506 γὰρ
490 2399 670 2491 ἀποδέχου,
700 2401 740 2484 ιἰν
762 2398 834 2470 δ
814 2401 899 2489 ἐγὼ.
925 2389 1099 2486 πολιτικήν
1120 2430 1172 2490 γε,
1201 2412 1257 2473 καὶ
1284 2401 1418 2497 ὀρθῶς
1425 2401 1580 2502 ἀποδέξη.

397 2494 562 2586 αύδιςδὲ
584 2513 656 2599 περὶ
679 2502 800 2588 αὐτοῦ,
824 2504 889 2576 ἐὰν
901 2501 1024 2602 βούλη,
1054 2507 1101 2574 ἔτι
1122 2506 1259 2576 κάλλιον
1281 2511 1403 2596 δίιμεν·
1435 2513 1493 2578 νῦν
1513 2508 1580 2600 γὰρ
1643 2567 1644 2570 ,

397 2608 436 2680 ού
466 2613 562 2680 τοῦτο
592 2613 645 2693 ίζιι
626 2612 779 2698 ιιτούμιν,
808 2607 895 2682 ἀλλά
926 2605 1151 2694 δικαιοσύνην·
1181 2609 1265 2701 πρὸς
1294 2611 1354 2680 οὐν
1374 2609 1434 2695 τὴν
1455 2614 1579 2682 ἐκείνου
1643 2647 1644 2696 3

397 2711 548 2797 ζήτησιν,
580 2709 623 2792 ὡς
643 2713 784 2806 ἐγῷμαι,
817 2715 935 2792 ίιιοινώς
956 2714 1047 2802 ἔχει·
1071 2711 1177 2782 Αλλά
1199 2717 1324 2796 καλῶς,
1354 2715 1435 2809 ἔφη,
1465 2720 1579 2803 λέγεις.

342 2853 343 2858 1
399 2821 447 2884 Cf.
479 2842 512 2902 p.
543 2819 616 2884 529.
646 2823 681 2882 B.
711 2821 756 2886 et.
802 2819 1149 2890 schleiermachcrus
1140 2843 1178 2886 un
1203 2822 1407 2890 adnotatione
1429 2823 1471 2886 ad
1493 2823 1579 2888 h'unc

397 2923 503 2990 locum
523 2942 555 3009 p.
578 2925 657 2992 551..
675 2921 779 2988 uerbis
805 2918 948 3011 05759,
972 2913 1076 3010 οἶμαι,
1099 2913 1200 3004 εἶπον,
1220 2920 1312 3008 σ’ί-ιο
1332 2920 1431 2991 ἄλλοι
1452 2949 1482 2992 κ.
1505 2949 1536 2992 τ.
1556 2926 1579 2994 ἑ.

399 3029 494 3092 etiam
523 3028 563 3090 ad
589 3027 786 3111 singulorum
816 3028 939 3092 enimes
968 3025 1206 3112 respicidioit,
1241 3029 1360 3115 quippe
1389 3027 1517 3112 quibis
1541 3031 1579 3095 tle
1643 3063 1644 3080 ι

398 3129 524 3197 civitate
545 3133 745 3199 sermonibus
767 3129 1012 3216 disputationem
1034 3133 1074 3196 de
1093 3129 1263 3200 uirtutibus
1282 3130 1377 3199 animi
1392 3131 1579 3217 praeparari

398 3241 542 3321 putaret,
573 3255 710 3318 eumque
738 3253 807 3298 esse
829 3233 943 3301 borum
963 3251 1146 3300 sermonum
1168 3234 1375 3321 praecipuum
1395 3232 1494 3300 linem
1518 3244 1580 3300 sta-

398 3344 512 3406 tueret.
555 3341 620 3404 Nos
648 3341 707 3405 bos
730 3341 776 3413 ‚de
804 3337 929 3402 civitate
959 3357 1122 3404 sermones
1143 3336 1177 3404 in
1199 3336 1377 3406 virtutibus·
1390 3338 1488 3408 animi
1510 3345 1580 3404 tan-
1643 3337 1644 3348 ’

399 3451 496 3527 'quam
517 3441 722 3506 fundamento
745 3459 803 3506 suo
823 3440 883 3520 niti
905 3427 1072 3506 (Ιοοσοιιιι.1
1109 3445 1165 3517 Et,
1190 3461 1284 3526 quam
1306 3443 1366 3506 boc
1386 3440 1579 3508 locu-habe

398 3563 469 3632 mus
490 3543 685 3611 tortitudinis
708 3541 928 3610 definitionem
947 3564 983 3609 ee
1004 3543 1075 3610 talis
1097 3551 1161 3618 cst,
1188 3546 1321 3629 utquid
1343 3545 1497 3612 fortitudo
1519 3566 1579 3634 per

398 3667 434 3712 se
454 3649 513 3723 sit,
546 3646 632 3715 nulle
662 3647 894 3714 institutionum
924 3646 1059 3714 civitatis
1087 3649 1210 3714 ratione
1238 3649 1366 3730 habita,
1408 3647 1483 3714 inde
1512 3671 1578 3714 non

401 3761 622 3834 cognoscatur.
665 3754 745 3816 Nam
775 3771 834 3814 nec
863 3749 994 3816 docetur
1021 3750 1097 3836 quid
1125 3751 1166 3816 sit
1192 3750 1334 3817 terribile
1361 3759 1475 3818 nutura
1503 3773 1575 3830 sua,

399 3875 459 3920 nec
481 3853 596 3937 quaid
618 3856 715 3920 animi
734 3853 883 3920 facultate
903 3853 1118 3940 propellatur3
1148 3852 1240 3920 fortis
1262 3853 1375 3920 dicitur
1396 3857 1436 3931 is,
1460 3859 1517 3940 qui
1539 3860 1577 3922 de
1643 3857 1644 3932 ι

400 3955 597 4022 terribilibus
620 3977 689 4022 eam
712 3960 897 4022 sententiam
918 3956 1052 4033 babent,
1083 3977 1164 4044 queo
1186 3958 1296 4040 ίιιίδαι
1311 3961 1505 4042 praescripto
1525 3963 1574 4024 cit.

401 4062 491 4137 Quae
514 4067 563 4122 est
583 4067 688 4125 autem
710 4060 763 4128 illa
784 4060 892 4146 opinio
914 4060 1075 4148 legitima?
1098 4063 1182 4126 unde
1203 4062 1327 4126 oritur?
1356 4063 1491 4128 Subesse
1504 4066 1576 4129 huic

400 4160 559 4248 legitimae
588 4162 730 4246 opinioni
757 4184 865 4230 veram
891 4162 1085 4230 fortitudinis
1106 4162 1270 4229 notionem
1291 4165 1392 4228 vides.
1437 4168 1517 4230 Nem
1545 4168 1575 4230 id

400 4265 462 4334 uisi
484 4285 598 4358 sumas,
621 4264 717 4352 plane
737 4265 817 4336 nibil
839 4265 970 4335 definire
991 4266 1218 4354 philosophum
1231 4265 1266 4333 in
1280 4273 1388 4352 aperto
1405 4276 1463 4335 est.
1495 4268 1576 4334 Dicit
