3298 5232
554 403 787 468 ...233-

77 565 196 632 didisse
226 561 375 652 putabis?
389 585 392 595 ’
407 579 419 592 '¹
433 566 535 643 mem
571 565 741 650 diligenter
772 562 871 648 igitur
906 584 1018 630 rerum
1050 567 1193 634 usturam
1209 583 1251 647 Ιι.

77 668 319 756 experientiam,
340 683 441 752 quum
466 674 595 744 vocent,
627 669 661 733 iu
686 666 876 734 exstruenda
904 671 963 733 hao
991 666 1116 734 oiritsle
1141 687 1199 735 sue
1220 666 1255 734 in

75 775 234 839 rationem
255 771 428 848 vocaverit,
457 791 499 836 ex
519 771 578 836 hoo
598 771 668 854 ipsa
688 791 724 836 re
746 778 851 856 potest
870 770 1013 856 intelligi,
1039 769 1123 856 quod
1141 774 1254 836 deeem

75 897 178 944 annos
206 882 297 940 netes
324 874 658 961 philosophis-tradit,
688 877 831 942 seniores
859 897 974 960 perum
999 882 1089 960 eptos
1110 872 1254 942 iudicans

75 979 151 1045 huie
173 978 300 1058 civitati,
324 977 453 1064 Moysis,
481 977 596 1044 sommi
617 978 677 1044 riri
702 998 795 1065 quem
819 999 928 1045 omues
953 980 1167 1055 admiruntur,
1194 977 1254 1046 leo

74 1084 107 1148 iu
131 1101 169 1148 re
194 1081 356 1147 iudicium·
369 1089 506 1148 seoutus.
538 1101 581 1132 ⁴-
614 1084 704 1160 Quee
738 1085 840 1167 quum
872 1081 1002 1148 dixisset
1035 1084 1180 1148 Sentetes
1209 1080 1254 1150 itu

75 1185 298 1252 clauditlrune
320 1189 364 1250 do
388 1184 514 1250 eivitute
536 1205 733 1252 sermonem·
768 1177 1170 1268 Οὐκοῦνᾶὁηνῆδη,
1197 1174 1254 1252 εἶ-

74 1313 149 1356 πον
179 1286 268 1375 ἐγὼ,
294 1287 463 1376 ἔχουσιν
490 1283 589 1377 ἡμῖν
615 1291 655 1356 oi
682 1283 804 1376 λόγοι
830 1289 921 1376 περὶ
942 1312 982 1356 τε
1004 1288 1075 1371 τῆς
1094 1283 1254 1366 uolnere

74 1417 232 1474 ταυτης
261 1396 332 1458 καὶ
362 1391 459 1458 τοῦ
455 1386 617 1478 ὁμοίου
650 1387 781 1486 ταύτῃ
813 1385 985 1482 ἀνδρὸς·
1018 1391 1143 1473 δῆλος
1173 1387 1253 1480 γάρ

74 1521 153 1564 που
175 1500 242 1562 καὶ
264 1485 408 1573 οὗτος,
432 1488 522 1562 οἷον
550 1490 734 1588 φήσομεν
756 1497 843 1562 δεῖν
862 1490 994 1564 αὐτὸν
1016 1485 1132 1564 εἶναι.
1178 1497 1253 1575 Δῆ

74 1601 166 1679 lon,
195 1596 282 1692 ἔφη·
317 1593 426 1665 setl‘
415 1588 512 1690 ὅπερ
542 1598 712 1689 ἐρωτᾷς,
745 1600 860 1664 δοκεῖ
879 1621 956 1684 μοι
985 1597 1151 1677 τέλος”
1132 1624 1253 1686 εχειν

73 1707 217 1770 Fuerunt
240 1701 296 1788 qui
318 1723 358 1766 ex
379 1701 440 1768 hoe
461 1701 532 1768 loco
553 1701 685 1786 aliisque
706 1701 862 1768 similibus
884 1701 1094 1786 collegerunt,
1113 1701 1254 1774 Plutonis

74 1807 106 1872 in
126 1804 296 1873 scribendo
317 1805 483 1892 republica·
500 1804 667 1872 consilium
686 1806 784 1872 fuisse
805 1824 992 1892 proponere
1008 1807 1113 1872 virum
1134 1804 1253 1874 iustum

74 1913 254 1995 iustamque
279 1909 447 1976 eivitetem.
484 1908 530 1976 uf.
553 1907 735 1975 Stallbeum.
759 1908 780 1975 1.
804 1930 832 1978 e.
854 1931 889 1992 p.
911 1911 1012 1976 XXV.
1037 1929 1105 1994 sqq.
1143 1909 1252 1985 ,Quam

74 2014 171 2080 huius
199 2016 372 2078 sententiae
394 2017 471 2080 sdee
500 2031 625 2078 oausam
653 2035 685 2096 p.
718 2014 888 2080 xxviet
906 2013 1051 2082 XXVIII.
1074 2018 1155 2080 extr.
1178 2031 1249 2098 sqq.-

76 2115 301 2182 Stellbeumius
322 2116 486 2184 11111111-
507 2117 724 2203 quaestionem
749 2119 789 2182 de
811 2115 922 2200 optimi
947 2117 1084 2184 hominis
1110 2115 1253 2184 moribus

74 2229 106 2286 et
132 2219 174 2286 de
199 2221 341 2306 periente
361 2219 527 2306 republica
548 2223 697 2304 egilem
721 2219 816 2286 talem
841 2239 911 2286 esse
937 2227 1075 2304 putens,
1099 2227 1136 2286 ut
1157 2220 1253 2288 ultore

25 2391 27 2398 ,
75 2325 145 2390 siue
166 2323 265 2389 ultera
287 2323 419 2408 intelllgi
439 2325 505 2390 n'on
522 2323 623 2410 possit
642 2359 685 2374 -
705 2323 803 2388 ineo
824 2323 922 2390 falsus
944 2331 1001 2393 ost.
1042 2327 1129 2389 Nem·
1147 2322 1254 2410 dispu-

75 2430 153 2494 tatio
169 2431 209 2493 de
222 2426 361 2492 hominis
383 2430 494 2510 optimi
519 2425 663 2512 moribus
686 2426 820 2514 intelligi
840 2447 916 2493 seue
936 2432 1043 2509 potest
1063 2429 1131 2494 siue
1145 2426 1254 2510 dispu-

74 2532 195 2598 tatione
215 2529 256 2596 de
271 2530 407 2619 civitate.
452 2529 626 2608 Quodnisi
651 2532 694 2596 ite
718 2542 809 2604 esset,
839 2550 949 2598 omnes
974 2529 1090 2615 quide
1111 2528 1253 2598 moribru

72 2634 281 2722 seripserunt,
295 2633 499 2700 oiviletemio
510 2633 662 2700 auxilium
676 2653 791 2700 vocure
803 2631 992 2701 debuissent.
1025 2637 1102 2700 Nem
1119 2633 1251 2710 etiamsi,

74 2748 110 2804 ut
134 2740 260 2804 virtutis
285 2737 423 2806 studium
447 2739 625 2817 adiuvetur,
647 2739 806 2804 civitatem
829 2737 872 2804 iu
897 2745 1052 2804 morotum
1073 2757 1143 2804 esse
1157 2757 1253 2825 opor·

74 2848 156 2917 teet,
195 2849 231 2906 ut
252 2843 415 2906 hominum
441 2841 474 2906 iu
494 2843 564 2926 ipsa
593 2842 772 2926 degentium
802 2843 953 2906 virtutem
978 2844 1124 2907 omuibus
1149 2842 1253 2908 modis

73 2948 184 3011 foveat
204 2943 267 3010 alet
288 2953 380 3030 etque
403 2952 531 3029 augeat,
562 2952 666 3011 temen
689 2965 726 3012 eo
749 2965 801 3012 res
819 2947 859 3010 ed
878 2947 1004 3014 virtutis
1024 2948 1187 3012 notionem
1206 2946 1254 3010 io-

74 3045 273 3123 veuienderu,
300 3056 331 3112 et
349 3051 389 3114 ed
404 3051 599 3114 condendam
621 3048 797 3114 doctrinam
812 3049 980 3123 moralem,
1006 3049 1085 3114 nihil
1104 3048 1252 3116 conferre

73 3153 211 3219 videtur.
253 3154 361 3229 Quare
379 3149 488 3216 omnia·
501 3171 583 3236 quae
598 3172 616 3216 e
629 3149 833 3217 Stallbeumio
853 3170 884 3236 p.
905 3152 1016 3216 XLlIl.
1038 3171 1106 3234 sqq.
1118 3151 1152 3216 in
1170 3149 1253 3215 hune

73 3255 172 3321 finem
191 3253 377 3331 dictasunt,
403 3275 467 3321 nou
484 3253 569 3320 aliud
588 3249 732 3341 probent,
749 3273 842 3339 quem
860 3255 1034 3319 doctrinam
1053 3255 1093 3318 de
1108 3251 1253 3337 perfecta

73 3359 206 3425 eivitete
237 3358 331 3424 condi
356 3378 423 3424 uon
450 3349 544 3443 posse
575 3361 643 3424 siue
670 3358 809 3434 virtuto,
843 3379 907 3422 noo
934 3364 1055 3422 contro.
1112 3355 1173 3422 Sed
1200 3359 1252 3421 hie

73 3463 209 3529 multum
234 3461 387 3527 cautionis
410 3460 623 3528 adhibendum
647 3467 695 3526 est
718 3459 970 3546 videndumque,
998 3481 1076 3526 num
1107 3460 1252 3548 quaestio
1359 3551 1361 3556 ,

73 3567 116 3632 de
142 3561 284 3631 moribus
315 3564 440 3652 egitete
455 3585 511 3630 sue
534 3564 634 3650 gretie
657 3564 798 3630 instituta
824 3566 878 3639 sit,
912 3585 955 3630 ou
978 3565 1112 3630 nivium
1137 3583 1250 3641 oense,

73 3672 164 3756 quod
185 3687 244 3735 nos
265 3669 469 3734 ostendimus.

161 3777 206 3838 Ao
227 3761 370 3856 profeeto
393 3793 432 3838 ea
452 3791 534 3858 quae
555 3774 595 3837 de
614 3770 733 3837 iustitie
757 3768 887 3836 dicende
905 3769 1043 3844 fuerunt,
1066 3769 1093 3834 si
1117 3769 1252 3842 civitatis

73 3878 178 3961 gretia
202 3895 240 3941 en
270 3874 440 3958 disputatio
464 3875 691 3950 institueretur,
721 3873 921 3939 brevioribus
942 3893 1006 3939 non
1031 3881 1177 3958 poterent
1197 3895 1253 3940 ex-

72 3980 198 4066 piiouri.
241 3979 320 4043 Num
343 3981 446 4044 omnis
469 3977 510 4044 de
537 3978 655 4044 iustitia
684 3978 853 4064 disputatio
875 3976 995 4042 incluso
1021 3984 1069 4043 est
1092 3976 1175 4043 libro
1197 3981 1249 4044 lV.

72 4107 108 4168 p.
132 4085 196 4148 135
209 4111 247 4124 -
261 4080 336 4146 did.
361 4083 405 4147 St
424 4083 468 4130 ’-
489 4084 720 4147 Attendeudum
740 4085 847 4146 numm
868 4079 933 4146 hoo
949 4079 1018 4146 looo
1042 4101 1107 4146 nou
1129 4101 1252 4147 sermo·

72 4207 149 4252 nem
175 4205 244 4251 esse
266 4181 306 4249 de
332 4183 404 4250 viro
425 4184 520 4265 iusto,
539 4183 605 4250 sed
630 4186 670 4250 de
697 4203 737 4250 eo
763 4184 818 4270 qui
838 4183 947 4250 similis
969 4169 1013 4252 ei
1029 4183 1103 4250 herio
1118 4184 1248 4251 civitati.

72 4291 156 4357 Nem
176 4288 210 4356 in
230 4287 387 4375 proxime
405 4287 584 4356 driuson
602 4310 644 4360 err
665 4286 801 4368 iustitis,
831 4287 887 4358 sed
900 4309 950 4362 ex
968 4287 1041 4358 ideo
1055 4287 1133 4356 honi
1144 4289 1252 4356 omnio
