<?xml version="1.0" encoding="UTF-8"?>
<!DOCTYPE html PUBLIC "-//W3C//DTD XHTML 1.0 Transitional//EN"
    "http://www.w3.org/TR/xhtml1/DTD/xhtml1-transitional.dtd">
<html xmlns="http://www.w3.org/1999/xhtml" xml:lang="en" lang="en">
 <head>
  <title>
</title>
<meta http-equiv="Content-Type" content="text/html;charset=utf-8" />
  <meta name='ocr-system' content='tesseract 3.04.00' />
  <meta name='ocr-capabilities' content='ocr_page ocr_carea ocr_par ocr_line ocrx_word'/>
</head>
<body>
  <div class='ocr_page' id='page_1' title='image "./prolegomenaadpl00rettgoog_0191.png"; bbox 0 0 3298 5232; ppageno 0'>
   <div class='ocr_carea' id='block_1_1' title="bbox 865 359 1096 424">
    <p class='ocr_par' dir='ltr' id='par_1_1' title="bbox 865 359 1096 424">
     <span class='ocr_line' id='line_1_1' title="bbox 865 359 1096 424; baseline 0.009 -2"><span class='ocrx_word' id='word_1_1' title='bbox 865 359 1096 424; x_wconf 75' lang='lat'>-180—</span> 
     </span>
    </p>
   </div>
   <div class='ocr_carea' id='block_1_2' title="bbox 392 505 1631 4350">
    <p class='ocr_par' dir='ltr' id='par_1_2' title="bbox 392 505 1631 4408">
     <span class='ocr_line' id='line_1_2' title="bbox 398 505 1631 608; baseline 0 -26"><span class='ocrx_word' id='word_1_2' title='bbox 398 505 536 584; x_wconf 74' lang='grc' dir='ltr'><em>τούτων</em></span> <span class='ocrx_word' id='word_1_3' title='bbox 555 507 595 594; x_wconf 79' lang='grc' dir='ltr'><strong>δὴ</strong></span> <span class='ocrx_word' id='word_1_4' title='bbox 625 513 717 580; x_wconf 77' lang='grc' dir='ltr'><em>ἕνεκα</em></span> <span class='ocrx_word' id='word_1_5' title='bbox 738 506 838 582; x_wconf 80' lang='grc' dir='ltr'><em>πάλιν</em></span> <span class='ocrx_word' id='word_1_6' title='bbox 860 509 1083 608; x_wconf 69' lang='grc' dir='ltr'><em>ἀνειλήφαμεν</em></span> <span class='ocrx_word' id='word_1_7' title='bbox 1104 511 1164 596; x_wconf 77' lang='grc' dir='ltr'><strong>τὴν</strong></span> <span class='ocrx_word' id='word_1_8' title='bbox 1186 514 1255 584; x_wconf 69' lang='lat' dir='ltr'><strong>eata·</strong></span> <span class='ocrx_word' id='word_1_9' title='bbox 1270 509 1411 596; x_wconf 74' lang='grc' dir='ltr'><em>ἀληθιῖς</em></span> <span class='ocrx_word' id='word_1_10' title='bbox 1434 511 1570 608; x_wconf 69' lang='lat' dir='ltr'><strong>pelosi·</strong></span> <span class='ocrx_word' id='word_1_11' title='bbox 1630 517 1631 600; x_wconf 86' lang='lat' dir='ltr'><strong>l</strong></span> 
     </span>
     <span class='ocr_line' id='line_1_3' title="bbox 398 611 1631 724; baseline 0.002 -40"><span class='ocrx_word' id='word_1_12' title='bbox 398 641 471 710; x_wconf 70' lang='grc' dir='ltr'><em>φνεν</em></span> <span class='ocrx_word' id='word_1_13' title='bbox 500 611 602 710; x_wconf 73' lang='grc' dir='ltr'><em>φύσιν</em></span> <span class='ocrx_word' id='word_1_14' title='bbox 628 622 684 687; x_wconf 77' lang='grc' dir='ltr'><em>καὶ</em></span> <span class='ocrx_word' id='word_1_15' title='bbox 713 616 745 698; x_wconf 79' lang='grc' dir='ltr'><strong>ἐξ</strong></span> <span class='ocrx_word' id='word_1_16' title='bbox 774 611 918 704; x_wconf 73' lang='grc' dir='ltr'><em>ἀνάγκης</em></span> <span class='ocrx_word' id='word_1_17' title='bbox 939 613 1150 707; x_wconf 64' lang='grc' dir='ltr'><em>ὡρισάμεθα.</em></span> <span class='ocrx_word' id='word_1_18' title='bbox 1184 614 1317 699; x_wconf 84' lang='grc' dir='ltr'><em>Ἔστιν,</em></span> <span class='ocrx_word' id='word_1_19' title='bbox 1343 618 1426 706; x_wconf 81' lang='grc' dir='ltr'><em>ἔφη,</em></span> <span class='ocrx_word' id='word_1_20' title='bbox 1453 620 1572 686; x_wconf 83' lang='grc' dir='ltr'><em>ταῦτα.</em></span> <span class='ocrx_word' id='word_1_21' title='bbox 1630 631 1631 724; x_wconf 62' lang='lat' dir='ltr'><strong>l</strong></span> 
     </span>
     <span class='ocr_line' id='line_1_4' title="bbox 397 719 1576 807; baseline 0.002 -21"><span class='ocrx_word' id='word_1_22' title='bbox 397 742 491 806; x_wconf 85' lang='lat' dir='ltr'><strong>quae·</strong></span> <span class='ocrx_word' id='word_1_23' title='bbox 507 719 693 788; x_wconf 77' lang='lat' dir='ltr'><strong>adscribere.</strong></span> <span class='ocrx_word' id='word_1_24' title='bbox 716 721 834 806; x_wconf 78' lang='lat' dir='ltr'>placuit</span> <span class='ocrx_word' id='word_1_25' title='bbox 862 742 926 807; x_wconf 92' lang='lat' dir='ltr'><strong>quo</strong></span> <span class='ocrx_word' id='word_1_26' title='bbox 955 721 1183 806; x_wconf 76' lang='lat' dir='ltr'><strong>intelligeretur</strong></span> <span class='ocrx_word' id='word_1_27' title='bbox 1209 722 1245 791; x_wconf 92' lang='lat' dir='ltr'><strong>in</strong></span> <span class='ocrx_word' id='word_1_28' title='bbox 1273 722 1407 806; x_wconf 81' lang='lat' dir='ltr'><strong>dialogis</strong></span> <span class='ocrx_word' id='word_1_29' title='bbox 1436 723 1576 790; x_wconf 82' lang='lat' dir='ltr'><strong>Platonis</strong></span> 
     </span>
     <span class='ocr_line' id='line_1_5' title="bbox 395 823 1631 913; baseline 0.002 -23"><span class='ocrx_word' id='word_1_30' title='bbox 395 832 460 891; x_wconf 77' lang='lat' dir='ltr'><strong>mm</strong></span> <span class='ocrx_word' id='word_1_31' title='bbox 483 835 626 904; x_wconf 78' lang='lat' dir='ltr'><strong>accurate</strong></span> <span class='ocrx_word' id='word_1_32' title='bbox 648 824 753 891; x_wconf 88' lang='lat' dir='ltr'><strong>omnia</strong></span> <span class='ocrx_word' id='word_1_33' title='bbox 775 823 928 911; x_wconf 88' lang='lat' dir='ltr'><strong>disposita</strong></span> <span class='ocrx_word' id='word_1_34' title='bbox 948 846 1028 912; x_wconf 82' lang='lat' dir='ltr'><strong>esse,</strong></span> <span class='ocrx_word' id='word_1_35' title='bbox 1050 835 1085 896; x_wconf 92' lang='lat' dir='ltr'><strong>ut</strong></span> <span class='ocrx_word' id='word_1_36' title='bbox 1105 827 1577 913; x_wconf 79' lang='lat' dir='ltr'><strong>excusandnmenplieaudurn-</strong></span> <span class='ocrx_word' id='word_1_37' title='bbox 1630 865 1631 874; x_wconf 29' lang='grc' dir='ltr'><em>ι</em></span> 
     </span>
     <span class='ocr_line' id='line_1_6' title="bbox 393 928 1631 1017; baseline -0.001 -22"><span class='ocrx_word' id='word_1_38' title='bbox 393 949 459 1014; x_wconf 75' lang='lat' dir='ltr'><strong>que</strong></span> <span class='ocrx_word' id='word_1_39' title='bbox 479 928 684 1016; x_wconf 86' lang='lat' dir='ltr'><strong>philosophus</strong></span> <span class='ocrx_word' id='word_1_40' title='bbox 704 931 871 1016; x_wconf 84' lang='lat' dir='ltr'><strong>putaverit,</strong></span> <span class='ocrx_word' id='word_1_41' title='bbox 894 932 1069 1014; x_wconf 87' lang='lat' dir='ltr'><strong>siquando</strong></span> <span class='ocrx_word' id='word_1_42' title='bbox 1092 930 1241 1014; x_wconf 81' lang='lat' dir='ltr'><strong>repetitio</strong></span> <span class='ocrx_word' id='word_1_43' title='bbox 1263 929 1369 1017; x_wconf 85' lang='lat' dir='ltr'><strong>aliqua</strong></span> <span class='ocrx_word' id='word_1_44' title='bbox 1391 931 1504 998; x_wconf 86' lang='lat' dir='ltr'><strong>locum</strong></span> <span class='ocrx_word' id='word_1_45' title='bbox 1526 930 1579 996; x_wconf 89' lang='lat' dir='ltr'><strong>ha·</strong></span> <span class='ocrx_word' id='word_1_46' title='bbox 1630 929 1631 932; x_wconf 71' lang='grc'>’</span> 
     </span>
     <span class='ocr_line' id='line_1_7' title="bbox 394 1031 1577 1121; baseline 0.003 -25"><span class='ocrx_word' id='word_1_47' title='bbox 394 1034 496 1110; x_wconf 88' lang='lat' dir='ltr'><strong>beret,</strong></span> <span class='ocrx_word' id='word_1_48' title='bbox 521 1054 593 1114; x_wconf 83' lang='lat' dir='ltr'><strong>oum</strong></span> <span class='ocrx_word' id='word_1_49' title='bbox 615 1031 743 1119; x_wconf 89' lang='lat' dir='ltr'><strong>quidem</strong></span> <span class='ocrx_word' id='word_1_50' title='bbox 764 1033 797 1099; x_wconf 92' lang='lat' dir='ltr'><strong>in</strong></span> <span class='ocrx_word' id='word_1_51' title='bbox 816 1031 922 1110; x_wconf 88' lang='lat' dir='ltr'><strong>finem,</strong></span> <span class='ocrx_word' id='word_1_52' title='bbox 943 1040 979 1097; x_wconf 92' lang='lat' dir='ltr'><strong>ut</strong></span> <span class='ocrx_word' id='word_1_53' title='bbox 995 1031 1035 1098; x_wconf 90' lang='lat' dir='ltr'><strong>de</strong></span> <span class='ocrx_word' id='word_1_54' title='bbox 1053 1032 1173 1117; x_wconf 77' lang='lat' dir='ltr'><strong>dialogi</strong></span> <span class='ocrx_word' id='word_1_55' title='bbox 1186 1034 1351 1103; x_wconf 90' lang='lat' dir='ltr'><strong>ordineao</strong></span> <span class='ocrx_word' id='word_1_56' title='bbox 1366 1033 1577 1121; x_wconf 80' lang='lat' dir='ltr'><strong>dispositione</strong></span> 
     </span>
     <span class='ocr_line' id='line_1_8' title="bbox 394 1135 1578 1223; baseline 0.001 -20"><span class='ocrx_word' id='word_1_57' title='bbox 394 1157 460 1205; x_wconf 90' lang='lat' dir='ltr'><strong>non</strong></span> <span class='ocrx_word' id='word_1_58' title='bbox 487 1157 637 1223; x_wconf 88' lang='lat' dir='ltr'><strong>perverse</strong></span> <span class='ocrx_word' id='word_1_59' title='bbox 665 1135 821 1204; x_wconf 85' lang='lat' dir='ltr'><strong>iudicaret</strong></span> <span class='ocrx_word' id='word_1_60' title='bbox 846 1136 1161 1222; x_wconf 87' lang='lat' dir='ltr'><strong>leetoromnemque</strong></span> <span class='ocrx_word' id='word_1_61' title='bbox 1181 1158 1441 1206; x_wconf 78' lang='lat' dir='ltr'><strong>rerumrerum</strong></span> <span class='ocrx_word' id='word_1_62' title='bbox 1462 1137 1578 1204; x_wconf 88' lang='lat' dir='ltr'><strong>intelli-</strong></span> 
     </span>
     <span class='ocr_line' id='line_1_9' title="bbox 395 1239 1577 1329; baseline 0 -23"><span class='ocrx_word' id='word_1_63' title='bbox 395 1249 493 1324; x_wconf 79' lang='lat' dir='ltr'><strong>geret</strong></span> <span class='ocrx_word' id='word_1_64' title='bbox 536 1245 583 1309; x_wconf 91' lang='lat' dir='ltr'><strong>Ne</strong></span> <span class='ocrx_word' id='word_1_65' title='bbox 609 1239 733 1308; x_wconf 90' lang='lat' dir='ltr'><strong>dubites</strong></span> <span class='ocrx_word' id='word_1_66' title='bbox 762 1239 861 1325; x_wconf 90' lang='lat' dir='ltr'><strong>igitar</strong></span> <span class='ocrx_word' id='word_1_67' title='bbox 889 1239 966 1325; x_wconf 87' lang='lat' dir='ltr'><strong>quin</strong></span> <span class='ocrx_word' id='word_1_68' title='bbox 997 1240 1024 1306; x_wconf 88' lang='lat' dir='ltr'><strong>is</strong></span> <span class='ocrx_word' id='word_1_69' title='bbox 1053 1248 1194 1316; x_wconf 71' lang='lat' dir='ltr'><strong>ametor,-</strong></span> <span class='ocrx_word' id='word_1_70' title='bbox 1209 1243 1267 1329; x_wconf 86' lang='lat' dir='ltr'><strong>¹qui</strong></span> <span class='ocrx_word' id='word_1_71' title='bbox 1294 1250 1411 1308; x_wconf 89' lang='lat' dir='ltr'><strong>tantam</strong></span> <span class='ocrx_word' id='word_1_72' title='bbox 1439 1240 1577 1325; x_wconf 74' lang='lat' dir='ltr'><strong>&#39;dialogis</strong></span> 
     </span>
     <span class='ocr_line' id='line_1_10' title="bbox 394 1341 1576 1429; baseline 0.001 -18"><span class='ocrx_word' id='word_1_73' title='bbox 394 1343 579 1412; x_wconf 82' lang='lat' dir='ltr'><strong>ordinandis</strong></span> <span class='ocrx_word' id='word_1_74' title='bbox 605 1354 705 1412; x_wconf 88' lang='lat' dir='ltr'><strong>artem</strong></span> <span class='ocrx_word' id='word_1_75' title='bbox 735 1365 914 1429; x_wconf 77' lang='lat' dir='ltr'><strong>caramque.</strong></span> <span class='ocrx_word' id='word_1_76' title='bbox 941 1341 1099 1421; x_wconf 82' lang='lat' dir='ltr'><strong>adhibuit,</strong></span> <span class='ocrx_word' id='word_1_77' title='bbox 1133 1348 1173 1410; x_wconf 91' lang='lat' dir='ltr'><strong>ab</strong></span> <span class='ocrx_word' id='word_1_78' title='bbox 1194 1344 1443 1429; x_wconf 79' lang='lat' dir='ltr'><strong>intelligentibus</strong></span> <span class='ocrx_word' id='word_1_79' title='bbox 1467 1345 1576 1412; x_wconf 87' lang='lat' dir='ltr'><strong>saltem</strong></span> 
     </span>
     <span class='ocr_line' id='line_1_11' title="bbox 394 1447 1576 1535; baseline 0 -21"><span class='ocrx_word' id='word_1_80' title='bbox 394 1447 530 1529; x_wconf 84' lang='lat' dir='ltr'><strong>noluerit</strong></span> <span class='ocrx_word' id='word_1_81' title='bbox 549 1448 682 1533; x_wconf 81' lang='lat' dir='ltr'><strong>intelligi</strong></span> <span class='ocrx_word' id='word_1_82' title='bbox 704 1447 778 1533; x_wconf 92' lang='lat' dir='ltr'><strong>quid</strong></span> <span class='ocrx_word' id='word_1_83' title='bbox 799 1448 996 1535; x_wconf 76' lang='lat' dir='ltr'><strong>spectaverit</strong></span> <span class='ocrx_word' id='word_1_84' title='bbox 1032 1448 1186 1532; x_wconf 87' lang='lat' dir='ltr'><strong>Dignaob</strong></span> <span class='ocrx_word' id='word_1_85' title='bbox 1202 1451 1335 1520; x_wconf 84' lang='lat' dir='ltr'><strong>eandem</strong></span> <span class='ocrx_word' id='word_1_86' title='bbox 1351 1469 1485 1514; x_wconf 87' lang='lat' dir='ltr'><strong>oausam</strong></span> <span class='ocrx_word' id='word_1_87' title='bbox 1498 1469 1576 1532; x_wconf 84' lang='lat' dir='ltr'><strong>quae</strong></span> 
     </span>
     <span class='ocr_line' id='line_1_12' title="bbox 394 1549 1631 1638; baseline 0.002 -22"><span class='ocrx_word' id='word_1_88' title='bbox 394 1549 614 1618; x_wconf 79' lang='lat' dir='ltr'><strong>adscribantur</strong></span> <span class='ocrx_word' id='word_1_89' title='bbox 635 1554 808 1638; x_wconf 84' lang='lat' dir='ltr'><strong>sequentia,</strong></span> <span class='ocrx_word' id='word_1_90' title='bbox 831 1549 1000 1637; x_wconf 69' lang='lat' dir='ltr'><strong>inquibus</strong></span> <span class='ocrx_word' id='word_1_91' title='bbox 1022 1552 1229 1632; x_wconf 20' lang='lat' dir='ltr'><strong>diosendorum</strong></span> <span class='ocrx_word' id='word_1_92' title='bbox 1243 1553 1390 1620; x_wconf 82' lang='lat' dir='ltr'><strong>ordinem</strong></span> <span class='ocrx_word' id='word_1_93' title='bbox 1406 1551 1575 1638; x_wconf 89' lang='lat' dir='ltr'><strong>diligenter</strong></span> <span class='ocrx_word' id='word_1_94' title='bbox 1630 1623 1631 1626; x_wconf 49' lang='lat'>,</span> 
     </span>
     <span class='ocr_line' id='line_1_13' title="bbox 394 1641 1631 1746; baseline 0 -24"><span class='ocrx_word' id='word_1_95' title='bbox 394 1651 712 1739; x_wconf 53' lang='lat' dir='ltr'><strong>expostulassent*</strong></span> <span class='ocrx_word' id='word_1_96' title='bbox 740 1652 795 1736; x_wconf 80' lang='grc' dir='ltr'><strong>δὴ,</strong></span> <span class='ocrx_word' id='word_1_97' title='bbox 825 1641 866 1736; x_wconf 77' lang='grc' dir='ltr'><strong>ἦν</strong></span> <span class='ocrx_word' id='word_1_98' title='bbox 895 1651 926 1722; x_wconf 81' lang='grc' dir='ltr'><strong>δ’</strong></span> <span class='ocrx_word' id='word_1_99' title='bbox 957 1654 1035 1740; x_wconf 80' lang='grc' dir='ltr'><em>ἐγὼ,</em></span> <span class='ocrx_word' id='word_1_100' title='bbox 1066 1657 1122 1737; x_wconf 81' lang='grc' dir='ltr'><strong>τῆς</strong></span> <span class='ocrx_word' id='word_1_101' title='bbox 1145 1652 1274 1746; x_wconf 76' lang='grc' dir='ltr'><em>φύσεως</em></span> <span class='ocrx_word' id='word_1_102' title='bbox 1296 1658 1347 1722; x_wconf 76' lang='grc' dir='ltr'><strong>δεῖ</strong></span> <span class='ocrx_word' id='word_1_103' title='bbox 1365 1651 1574 1722; x_wconf 72' lang='grc' dir='ltr'><em>θεάσασθαι</em></span> <span class='ocrx_word' id='word_1_104' title='bbox 1630 1679 1631 1698; x_wconf 62' lang='lat'>¹</span> 
     </span>
     <span class='ocr_line' id='line_1_14' title="bbox 393 1755 1573 1856; baseline 0 -30"><span class='ocrx_word' id='word_1_105' title='bbox 393 1756 454 1838; x_wconf 86' lang='grc' dir='ltr'><strong>τὰς</strong></span> <span class='ocrx_word' id='word_1_106' title='bbox 476 1755 631 1849; x_wconf 76' lang='grc' dir='ltr'><em>φθορὰς,</em></span> <span class='ocrx_word' id='word_1_107' title='bbox 661 1755 704 1838; x_wconf 84' lang='grc' dir='ltr'><strong>ὡς</strong></span> <span class='ocrx_word' id='word_1_108' title='bbox 726 1755 897 1831; x_wconf 79' lang='grc' dir='ltr'><strong><em>διόλλυται</em></strong></span> <span class='ocrx_word' id='word_1_109' title='bbox 919 1760 956 1826; x_wconf 67' lang='grc' dir='ltr'><strong>ἐν,</strong></span> <span class='ocrx_word' id='word_1_110' title='bbox 974 1762 1119 1838; x_wconf 76' lang='grc' dir='ltr'><em>πολλοῖς,</em></span> <span class='ocrx_word' id='word_1_111' title='bbox 1142 1757 1280 1849; x_wconf 76' lang='grc' dir='ltr'><em>σμικρὸν</em></span> <span class='ocrx_word' id='word_1_112' title='bbox 1303 1761 1339 1826; x_wconf 82' lang='grc' dir='ltr'><strong>δέ</strong></span> <span class='ocrx_word' id='word_1_113' title='bbox 1360 1783 1392 1826; x_wconf 91' lang='grc' dir='ltr'><strong>τι</strong></span> <span class='ocrx_word' id='word_1_114' title='bbox 1414 1756 1573 1856; x_wconf 69' lang='grc' dir='ltr'><em>ἐκφεύγει,</em></span> 
     </span>
     <span class='ocr_line' id='line_1_15' title="bbox 393 1856 1572 1951; baseline 0.003 -24"><span class='ocrx_word' id='word_1_115' title='bbox 393 1856 450 1942; x_wconf 67' lang='grc' dir='ltr'><strong>οὓς</strong></span> <span class='ocrx_word' id='word_1_116' title='bbox 472 1860 513 1944; x_wconf 78' lang='grc' dir='ltr'><strong>δὴ</strong></span> <span class='ocrx_word' id='word_1_117' title='bbox 535 1868 590 1928; x_wconf 82' lang='grc' dir='ltr'><em>καὶ</em></span> <span class='ocrx_word' id='word_1_118' title='bbox 613 1858 651 1930; x_wconf 82' lang='grc' dir='ltr'><strong>οὐ</strong></span> <span class='ocrx_word' id='word_1_119' title='bbox 672 1861 848 1950; x_wconf 74' lang='grc' dir='ltr'><em>πονηροὺς,</em></span> <span class='ocrx_word' id='word_1_120' title='bbox 871 1857 1055 1951; x_wconf 77' lang='grc' dir='ltr'><em>ἀχρήστους</em></span> <span class='ocrx_word' id='word_1_121' title='bbox 1077 1866 1113 1928; x_wconf 79' lang='grc' dir='ltr'><strong>δὲ</strong></span> <span class='ocrx_word' id='word_1_122' title='bbox 1134 1865 1282 1950; x_wconf 82' lang='grc' dir='ltr'><em>καλοῦσι·</em></span> <span class='ocrx_word' id='word_1_123' title='bbox 1304 1861 1464 1951; x_wconf 78' lang='grc' dir='ltr'><em>καλμετολ</em></span> <span class='ocrx_word' id='word_1_124' title='bbox 1480 1865 1572 1930; x_wconf 83' lang='grc' dir='ltr'><em>τοῦτο</em></span> 
     </span>
     <span class='ocr_line' id='line_1_16' title="bbox 393 1954 1631 2054; baseline -0.001 -21"><span class='ocrx_word' id='word_1_125' title='bbox 393 1954 435 2034; x_wconf 79' lang='grc' dir='ltr'><strong>οὗ</strong></span> <span class='ocrx_word' id='word_1_126' title='bbox 459 1962 519 2044; x_wconf 82' lang='grc' dir='ltr'><strong>τὰς</strong></span> <span class='ocrx_word' id='word_1_127' title='bbox 539 1969 744 2053; x_wconf 82' lang='grc' dir='ltr'><em>μιμουμένας</em></span> <span class='ocrx_word' id='word_1_128' title='bbox 765 1962 888 2048; x_wconf 81' lang='grc' dir='ltr'><em>ταύτην</em></span> <span class='ocrx_word' id='word_1_129' title='bbox 910 1972 965 2032; x_wconf 86' lang='grc' dir='ltr'><em>καὶ</em></span> <span class='ocrx_word' id='word_1_130' title='bbox 988 1962 1033 2044; x_wconf 75' lang='grc' dir='ltr'><strong>εἰς</strong></span> <span class='ocrx_word' id='word_1_131' title='bbox 1055 1963 1093 2032; x_wconf 85' lang='grc' dir='ltr'><strong>τὸ</strong></span> <span class='ocrx_word' id='word_1_132' title='bbox 1109 1961 1306 2050; x_wconf 73' lang='grc' dir='ltr'><em>ἐπιτήδευμα</em></span> <span class='ocrx_word' id='word_1_133' title='bbox 1318 1971 1572 2054; x_wconf 74' lang='grc' dir='ltr'><em>καθισταμένας</em></span> <span class='ocrx_word' id='word_1_134' title='bbox 1630 2003 1631 2010; x_wconf 45' lang='lat'>1</span> 
     </span>
     <span class='ocr_line' id='line_1_17' title="bbox 392 2055 1573 2162; baseline 0 -26"><span class='ocrx_word' id='word_1_135' title='bbox 392 2055 511 2152; x_wconf 76' lang='grc' dir='ltr'><em>αὐτῆς,</em></span> <span class='ocrx_word' id='word_1_136' title='bbox 535 2062 604 2134; x_wconf 88' lang='grc' dir='ltr'><em>οἷαι</em></span> <span class='ocrx_word' id='word_1_137' title='bbox 626 2057 725 2136; x_wconf 83' lang='grc' dir='ltr'><em>οὖσαι</em></span> <span class='ocrx_word' id='word_1_138' title='bbox 748 2065 864 2158; x_wconf 81' lang='grc' dir='ltr'><em>φύσεις</em></span> <span class='ocrx_word' id='word_1_139' title='bbox 885 2070 1001 2162; x_wconf 80' lang='grc' dir='ltr'><em>ψυχῶν</em></span> <span class='ocrx_word' id='word_1_140' title='bbox 1022 2065 1067 2147; x_wconf 84' lang='grc' dir='ltr'><strong>εἰς</strong></span> <span class='ocrx_word' id='word_1_141' title='bbox 1089 2065 1222 2152; x_wconf 78' lang='grc' dir='ltr'><em>ἀνάξιον</em></span> <span class='ocrx_word' id='word_1_142' title='bbox 1244 2074 1299 2136; x_wconf 79' lang='grc' dir='ltr'><em>καὶ</em></span> <span class='ocrx_word' id='word_1_143' title='bbox 1319 2073 1430 2156; x_wconf 79' lang='grc' dir='ltr'><em>μεῖζον</em></span> <span class='ocrx_word' id='word_1_144' title='bbox 1451 2072 1573 2138; x_wconf 77' lang='grc' dir='ltr'><em>ἑαυτῶν</em></span> 
     </span>
     <span class='ocr_line' id='line_1_18' title="bbox 394 2169 1573 2266; baseline -0.001 -26"><span class='ocrx_word' id='word_1_145' title='bbox 394 2169 633 2266; x_wconf 76' lang='grc' dir='ltr'><em>ἀφικνούμεναι</em></span> <span class='ocrx_word' id='word_1_146' title='bbox 656 2169 854 2259; x_wconf 76' lang='grc' dir='ltr'><em>ἐπιτήδευμα</em></span> <span class='ocrx_word' id='word_1_147' title='bbox 884 2175 1033 2260; x_wconf 79' lang='grc' dir='ltr'><em>πολλαχῆ</em></span> <span class='ocrx_word' id='word_1_148' title='bbox 1063 2175 1312 2260; x_wconf 78' lang='grc' dir='ltr'><em>πλημμελοῦσαι</em></span> <span class='ocrx_word' id='word_1_149' title='bbox 1340 2175 1498 2262; x_wconf 79' lang='grc' dir='ltr'><em>πανταχῆ</em></span> <span class='ocrx_word' id='word_1_150' title='bbox 1523 2179 1573 2240; x_wconf 85' lang='grc' dir='ltr'><em>καὶ</em></span> 
     </span>
     <span class='ocr_line' id='line_1_19' title="bbox 394 2272 1572 2369; baseline -0.002 -25"><span class='ocrx_word' id='word_1_151' title='bbox 394 2279 444 2344; x_wconf 80' lang='grc' dir='ltr'><strong>ἐπὶ</strong></span> <span class='ocrx_word' id='word_1_152' title='bbox 464 2272 593 2355; x_wconf 80' lang='grc' dir='ltr'><em>πάντας</em></span> <span class='ocrx_word' id='word_1_153' title='bbox 615 2272 715 2358; x_wconf 80' lang='grc' dir='ltr'><em>δόξαν</em></span> <span class='ocrx_word' id='word_1_154' title='bbox 738 2273 813 2357; x_wconf 84' lang='grc' dir='ltr'><em>οἵαν</em></span> <span class='ocrx_word' id='word_1_155' title='bbox 835 2280 937 2362; x_wconf 77' lang='grc' dir='ltr'><em>λέγεις</em></span> <span class='ocrx_word' id='word_1_156' title='bbox 959 2279 1148 2368; x_wconf 71' lang='grc' dir='ltr'><em>φιλοσοφία</em></span> <span class='ocrx_word' id='word_1_157' title='bbox 1166 2280 1358 2369; x_wconf 74' lang='grc' dir='ltr'><em>προσῆψαν.</em></span> <span class='ocrx_word' id='word_1_158' title='bbox 1389 2277 1439 2343; x_wconf 80' lang='lat' dir='ltr'><strong>Cl.</strong></span> <span class='ocrx_word' id='word_1_159' title='bbox 1455 2299 1489 2364; x_wconf 92' lang='lat' dir='ltr'><strong>p.</strong></span> <span class='ocrx_word' id='word_1_160' title='bbox 1505 2279 1572 2352; x_wconf 78' lang='lat' dir='ltr'><strong>teo,</strong></span> 
     </span>
     <span class='ocr_line' id='line_1_20' title="bbox 394 2381 1572 2474; baseline -0.002 -26"><span class='ocrx_word' id='word_1_161' title='bbox 394 2383 432 2448; x_wconf 87' lang='grc' dir='ltr'><strong>Ε.</strong></span> <span class='ocrx_word' id='word_1_162' title='bbox 448 2381 502 2448; x_wconf 84' lang='lat' dir='ltr'><strong>-St</strong></span> <span class='ocrx_word' id='word_1_163' title='bbox 545 2385 592 2446; x_wconf 89' lang='lat' dir='ltr'><strong>Ne</strong></span> <span class='ocrx_word' id='word_1_164' title='bbox 613 2389 705 2474; x_wconf 82' lang='lat' dir='ltr'><strong>putes</strong></span> <span class='ocrx_word' id='word_1_165' title='bbox 726 2381 823 2467; x_wconf 83' lang='lat' dir='ltr'><strong>igitur</strong></span> <span class='ocrx_word' id='word_1_166' title='bbox 845 2383 1021 2457; x_wconf 87' lang='lat' dir='ltr'><strong>Socratem,</strong></span> <span class='ocrx_word' id='word_1_167' title='bbox 1056 2401 1168 2456; x_wconf 86' lang='lat' dir='ltr'><strong>eorum</strong></span> <span class='ocrx_word' id='word_1_168' title='bbox 1195 2381 1250 2466; x_wconf 85' lang='lat' dir='ltr'><strong>qui</strong></span> <span class='ocrx_word' id='word_1_169' title='bbox 1271 2381 1440 2462; x_wconf 84' lang='lat' dir='ltr'><strong>audiebant</strong></span> <span class='ocrx_word' id='word_1_170' title='bbox 1462 2381 1572 2449; x_wconf 86' lang='lat' dir='ltr'><strong>volun·</strong></span> 
     </span>
     <span class='ocr_line' id='line_1_21' title="bbox 394 2483 1570 2572; baseline 0.001 -23"><span class='ocrx_word' id='word_1_171' title='bbox 394 2484 451 2554; x_wconf 89' lang='lat' dir='ltr'><strong>tati</strong></span> <span class='ocrx_word' id='word_1_172' title='bbox 473 2484 637 2551; x_wconf 81' lang='lat' dir='ltr'><strong>cedentem</strong></span> <span class='ocrx_word' id='word_1_173' title='bbox 660 2507 695 2552; x_wconf 87' lang='lat' dir='ltr'><strong>se</strong></span> <span class='ocrx_word' id='word_1_174' title='bbox 717 2483 821 2572; x_wconf 74' lang='lat' dir='ltr'><strong>abripi</strong></span> <span class='ocrx_word' id='word_1_175' title='bbox 839 2503 970 2568; x_wconf 84' lang='lat' dir='ltr'><strong>passum</strong></span> <span class='ocrx_word' id='word_1_176' title='bbox 996 2505 1065 2550; x_wconf 89' lang='lat' dir='ltr'><strong>esse</strong></span> <span class='ocrx_word' id='word_1_177' title='bbox 1086 2488 1125 2550; x_wconf 92' lang='lat' dir='ltr'><strong>ad</strong></span> <span class='ocrx_word' id='word_1_178' title='bbox 1145 2505 1310 2553; x_wconf 88' lang='lat' dir='ltr'><strong>sermones</strong></span> <span class='ocrx_word' id='word_1_179' title='bbox 1330 2485 1485 2571; x_wconf 85' lang='lat' dir='ltr'><strong>adialogi</strong></span> <span class='ocrx_word' id='word_1_180' title='bbox 1499 2506 1570 2552; x_wconf 82' lang='lat' dir='ltr'><strong>vero</strong></span> 
     </span>
     <span class='ocr_line' id='line_1_22' title="bbox 393 2587 1571 2676; baseline -0.002 -20"><span class='ocrx_word' id='word_1_181' title='bbox 393 2587 456 2656; x_wconf 84' lang='lat' dir='ltr'><strong>fiae</strong></span> <span class='ocrx_word' id='word_1_182' title='bbox 476 2589 570 2673; x_wconf 88' lang='lat' dir='ltr'><strong>plane</strong></span> <span class='ocrx_word' id='word_1_183' title='bbox 591 2589 722 2668; x_wconf 88' lang='lat' dir='ltr'><strong>alienos,</strong></span> <span class='ocrx_word' id='word_1_184' title='bbox 747 2589 862 2676; x_wconf 86' lang='lat' dir='ltr'><strong>quihus</strong></span> <span class='ocrx_word' id='word_1_185' title='bbox 884 2609 1010 2655; x_wconf 89' lang='lat' dir='ltr'><strong>omnem</strong></span> <span class='ocrx_word' id='word_1_186' title='bbox 1031 2587 1168 2674; x_wconf 85' lang='lat' dir='ltr'><strong>partium</strong></span> <span class='ocrx_word' id='word_1_187' title='bbox 1184 2587 1301 2674; x_wconf 85' lang='lat' dir='ltr'><strong>dialogi</strong></span> <span class='ocrx_word' id='word_1_188' title='bbox 1318 2587 1571 2674; x_wconf 82' lang='lat' dir='ltr'><strong>aequabilitatem</strong></span> 
     </span>
     <span class='ocr_line' id='line_1_23' title="bbox 394 2691 1572 2780; baseline 0.001 -23"><span class='ocrx_word' id='word_1_189' title='bbox 394 2691 463 2766; x_wconf 90' lang='lat' dir='ltr'><strong>tolli</strong></span> <span class='ocrx_word' id='word_1_190' title='bbox 483 2713 612 2770; x_wconf 86' lang='lat' dir='ltr'><strong>neeesse</strong></span> <span class='ocrx_word' id='word_1_191' title='bbox 631 2701 729 2760; x_wconf 85' lang='lat' dir='ltr'><strong>esset.</strong></span> <span class='ocrx_word' id='word_1_192' title='bbox 774 2695 915 2759; x_wconf 87' lang='lat' dir='ltr'><strong>Primum</strong></span> <span class='ocrx_word' id='word_1_193' title='bbox 937 2691 1034 2775; x_wconf 90' lang='lat' dir='ltr'><strong>igitur</strong></span> <span class='ocrx_word' id='word_1_194' title='bbox 1054 2692 1260 2778; x_wconf 82' lang='lat' dir='ltr'><strong>paucissimos</strong></span> <span class='ocrx_word' id='word_1_195' title='bbox 1281 2693 1324 2778; x_wconf 79' lang='lat' dir='ltr'><strong>ita</strong></span> <span class='ocrx_word' id='word_1_196' title='bbox 1340 2692 1426 2758; x_wconf 86' lang='lat' dir='ltr'><strong>nasei</strong></span> <span class='ocrx_word' id='word_1_197' title='bbox 1445 2692 1572 2780; x_wconf 81' lang='lat' dir='ltr'><strong>demon·</strong></span> 
     </span>
     <span class='ocr_line' id='line_1_24' title="bbox 396 2793 1570 2878; baseline 0.002 -18"><span class='ocrx_word' id='word_1_198' title='bbox 396 2802 489 2869; x_wconf 84' lang='lat' dir='ltr'><strong>strat,</strong></span> <span class='ocrx_word' id='word_1_199' title='bbox 523 2795 637 2862; x_wconf 86' lang='lat' dir='ltr'><strong>deinde</strong></span> <span class='ocrx_word' id='word_1_200' title='bbox 657 2797 795 2862; x_wconf 87' lang='lat' dir='ltr'><strong>ostendit</strong></span> <span class='ocrx_word' id='word_1_201' title='bbox 816 2799 923 2862; x_wconf 89' lang='lat' dir='ltr'><strong>omnia</strong></span> <span class='ocrx_word' id='word_1_202' title='bbox 949 2797 1018 2878; x_wconf 81' lang='lat' dir='ltr'><strong>fere</strong></span> <span class='ocrx_word' id='word_1_203' title='bbox 1047 2793 1129 2865; x_wconf 88' lang='lat' dir='ltr'><strong>bona</strong></span> <span class='ocrx_word' id='word_1_204' title='bbox 1151 2817 1223 2862; x_wconf 86' lang='lat' dir='ltr'><strong>eum</strong></span> <span class='ocrx_word' id='word_1_205' title='bbox 1241 2807 1377 2863; x_wconf 85' lang='lat' dir='ltr'><strong>araturae</strong></span> <span class='ocrx_word' id='word_1_206' title='bbox 1398 2795 1570 2874; x_wconf 84' lang='lat' dir='ltr'><strong>humanae,</strong></span> 
     </span>
     <span class='ocr_line' id='line_1_25' title="bbox 396 2900 1570 2988; baseline -0.001 -21"><span class='ocrx_word' id='word_1_207' title='bbox 396 2907 463 2988; x_wconf 78' lang='lat' dir='ltr'><strong>tum</strong></span> <span class='ocrx_word' id='word_1_208' title='bbox 490 2920 527 2965; x_wconf 89' lang='lat' dir='ltr'><strong>ea</strong></span> <span class='ocrx_word' id='word_1_209' title='bbox 557 2919 637 2986; x_wconf 87' lang='lat' dir='ltr'><strong>quae</strong></span> <span class='ocrx_word' id='word_1_210' title='bbox 667 2911 798 2966; x_wconf 85' lang='lat' dir='ltr'><strong>externa</strong></span> <span class='ocrx_word' id='word_1_211' title='bbox 827 2900 995 2977; x_wconf 87' lang='lat' dir='ltr'><strong>dieantur,</strong></span> <span class='ocrx_word' id='word_1_212' title='bbox 1031 2900 1218 2986; x_wconf 80' lang='lat' dir='ltr'><strong>plerumque</strong></span> <span class='ocrx_word' id='word_1_213' title='bbox 1245 2923 1315 2967; x_wconf 89' lang='lat' dir='ltr'><strong>eam</strong></span> <span class='ocrx_word' id='word_1_214' title='bbox 1343 2901 1408 2968; x_wconf 87' lang='lat' dir='ltr'><strong>vim</strong></span> <span class='ocrx_word' id='word_1_215' title='bbox 1438 2904 1570 2977; x_wconf 86' lang='lat' dir='ltr'><strong>hahere,</strong></span> 
     </span>
     <span class='ocr_line' id='line_1_26' title="bbox 394 3003 1631 3090; baseline 0 -20"><span class='ocrx_word' id='word_1_216' title='bbox 394 3010 431 3070; x_wconf 89' lang='lat' dir='ltr'><strong>ut</strong></span> <span class='ocrx_word' id='word_1_217' title='bbox 452 3025 472 3068; x_wconf 90' lang='lat' dir='ltr'><strong>a</strong></span> <span class='ocrx_word' id='word_1_218' title='bbox 492 3025 567 3070; x_wconf 86' lang='lat' dir='ltr'><strong>vera</strong></span> <span class='ocrx_word' id='word_1_219' title='bbox 588 3003 787 3090; x_wconf 82' lang='lat' dir='ltr'><strong>philosophia</strong></span> <span class='ocrx_word' id='word_1_220' title='bbox 816 3012 953 3074; x_wconf 84' lang='lat' dir='ltr'><strong>mentem</strong></span> <span class='ocrx_word' id='word_1_221' title='bbox 980 3005 1182 3090; x_wconf 80' lang='lat' dir='ltr'><strong>animumque</strong></span> <span class='ocrx_word' id='word_1_222' title='bbox 1206 3012 1359 3070; x_wconf 83' lang='lat' dir='ltr'><strong>avertant.</strong></span> <span class='ocrx_word' id='word_1_223' title='bbox 1404 3008 1487 3070; x_wconf 85' lang='lat' dir='ltr'><strong>Nem</strong></span> <span class='ocrx_word' id='word_1_224' title='bbox 1511 3027 1571 3072; x_wconf 92' lang='lat' dir='ltr'><strong>non</strong></span> <span class='ocrx_word' id='word_1_225' title='bbox 1630 3087 1631 3090; x_wconf 8' lang='grc' dir='ltr'><strong>Ἴ</strong></span> 
     </span>
     <span class='ocr_line' id='line_1_27' title="bbox 394 3107 1631 3200; baseline -0.001 -26"><span class='ocrx_word' id='word_1_226' title='bbox 394 3108 560 3194; x_wconf 85' lang='lat' dir='ltr'><strong>sophistas,</strong></span> <span class='ocrx_word' id='word_1_227' title='bbox 583 3107 639 3174; x_wconf 86' lang='lat' dir='ltr'><strong>sod</strong></span> <span class='ocrx_word' id='word_1_228' title='bbox 660 3107 892 3192; x_wconf 85' lang='lat' dir='ltr'><strong>multitudinem</strong></span> <span class='ocrx_word' id='word_1_229' title='bbox 914 3107 1013 3194; x_wconf 85' lang='lat' dir='ltr'><strong>ipsam</strong></span> <span class='ocrx_word' id='word_1_230' title='bbox 1035 3128 1241 3194; x_wconf 84' lang='lat' dir='ltr'><strong>eorrumpere</strong></span> <span class='ocrx_word' id='word_1_231' title='bbox 1263 3129 1318 3186; x_wconf 85' lang='lat' dir='ltr'><strong>eos</strong></span> <span class='ocrx_word' id='word_1_232' title='bbox 1340 3107 1396 3194; x_wconf 89' lang='lat' dir='ltr'><strong>qui</strong></span> <span class='ocrx_word' id='word_1_233' title='bbox 1417 3108 1463 3174; x_wconf 90' lang='lat' dir='ltr'><strong>ita</strong></span> <span class='ocrx_word' id='word_1_234' title='bbox 1484 3129 1572 3195; x_wconf 83' lang='lat' dir='ltr'><strong>prae-</strong></span> <span class='ocrx_word' id='word_1_235' title='bbox 1630 3184 1631 3200; x_wconf 23' lang='lat'>1</span> 
     </span>
     <span class='ocr_line' id='line_1_28' title="bbox 396 3211 1631 3298; baseline 0 -20"><span class='ocrx_word' id='word_1_236' title='bbox 396 3217 478 3278; x_wconf 87' lang='lat' dir='ltr'><strong>stent</strong></span> <span class='ocrx_word' id='word_1_237' title='bbox 499 3213 605 3278; x_wconf 86' lang='lat' dir='ltr'><strong>animo</strong></span> <span class='ocrx_word' id='word_1_238' title='bbox 628 3212 818 3296; x_wconf 87' lang='lat' dir='ltr'><strong>etingeuio,</strong></span> <span class='ocrx_word' id='word_1_239' title='bbox 834 3211 956 3298; x_wconf 78' lang='lat' dir='ltr'><strong>&#39;quippe</strong></span> <span class='ocrx_word' id='word_1_240' title='bbox 979 3211 1068 3278; x_wconf 87' lang='lat' dir='ltr'><strong>ouius</strong></span> <span class='ocrx_word' id='word_1_241' title='bbox 1090 3212 1190 3290; x_wconf 73' lang='lat' dir='ltr'><strong>multo</strong></span> <span class='ocrx_word' id='word_1_242' title='bbox 1204 3212 1306 3294; x_wconf 82' lang='lat' dir='ltr'><strong>maior</strong></span> <span class='ocrx_word' id='word_1_243' title='bbox 1326 3212 1374 3288; x_wconf 86' lang='lat' dir='ltr'><strong>vis</strong></span> <span class='ocrx_word' id='word_1_244' title='bbox 1395 3213 1435 3279; x_wconf 91' lang='lat' dir='ltr'><strong>sit</strong></span> <span class='ocrx_word' id='word_1_245' title='bbox 1456 3213 1492 3278; x_wconf 93' lang='lat' dir='ltr'><strong>in</strong></span> <span class='ocrx_word' id='word_1_246' title='bbox 1510 3212 1572 3278; x_wconf 91' lang='lat' dir='ltr'><strong>lau-</strong></span> <span class='ocrx_word' id='word_1_247' title='bbox 1630 3213 1631 3266; x_wconf 69' lang='lat' dir='ltr'><strong>l</strong></span> 
     </span>
     <span class='ocr_line' id='line_1_29' title="bbox 398 3310 1568 3402; baseline 0.001 -23"><span class='ocrx_word' id='word_1_248' title='bbox 398 3314 503 3380; x_wconf 91' lang='lat' dir='ltr'><strong>dando</strong></span> <span class='ocrx_word' id='word_1_249' title='bbox 531 3315 816 3402; x_wconf 88' lang='lat' dir='ltr'><strong>vituperandoque‚</strong></span> <span class='ocrx_word' id='word_1_250' title='bbox 846 3318 984 3402; x_wconf 85' lang='lat' dir='ltr'><strong>itemque</strong></span> <span class='ocrx_word' id='word_1_251' title='bbox 1013 3315 1174 3390; x_wconf 82' lang='lat' dir='ltr'><strong>multando</strong></span> <span class='ocrx_word' id='word_1_252' title='bbox 1202 3316 1393 3402; x_wconf 88' lang='lat' dir='ltr'><strong>ignominia,</strong></span> <span class='ocrx_word' id='word_1_253' title='bbox 1411 3310 1568 3399; x_wconf 84' lang='lat' dir='ltr'><strong>pecunia,</strong></span> 
     </span>
     <span class='ocr_line' id='line_1_30' title="bbox 396 3414 1572 3506; baseline 0 -22"><span class='ocrx_word' id='word_1_254' title='bbox 396 3429 511 3487; x_wconf 88' lang='lat' dir='ltr'><strong>morte.</strong></span> <span class='ocrx_word' id='word_1_255' title='bbox 555 3419 754 3506; x_wconf 68' lang='lat' dir='ltr'><strong>Nec‘privati</strong></span> <span class='ocrx_word' id='word_1_256' title='bbox 776 3414 961 3505; x_wconf 84' lang='lat' dir='ltr'><strong>cuiusquam</strong></span> <span class='ocrx_word' id='word_1_257' title='bbox 984 3440 1145 3486; x_wconf 82' lang='lat' dir='ltr'><strong>sermones</strong></span> <span class='ocrx_word' id='word_1_258' title='bbox 1160 3429 1324 3492; x_wconf 79' lang='lat' dir='ltr'><strong>contraea</strong></span> <span class='ocrx_word' id='word_1_259' title='bbox 1337 3419 1457 3486; x_wconf 72' lang='lat' dir='ltr'><strong>valere.</strong></span> <span class='ocrx_word' id='word_1_260' title='bbox 1495 3422 1572 3485; x_wconf 89' lang='lat' dir='ltr'><strong>Con-</strong></span> 
     </span>
     <span class='ocr_line' id='line_1_31' title="bbox 396 3522 1570 3610; baseline -0.001 -21"><span class='ocrx_word' id='word_1_261' title='bbox 396 3543 513 3610; x_wconf 87' lang='lat' dir='ltr'><strong>gruere</strong></span> <span class='ocrx_word' id='word_1_262' title='bbox 536 3543 607 3588; x_wconf 89' lang='lat' dir='ltr'><strong>eum</strong></span> <span class='ocrx_word' id='word_1_263' title='bbox 629 3523 697 3588; x_wconf 89' lang='lat' dir='ltr'><strong>istis</strong></span> <span class='ocrx_word' id='word_1_264' title='bbox 713 3522 924 3609; x_wconf 87' lang='lat' dir='ltr'><strong>sophistarum</strong></span> <span class='ocrx_word' id='word_1_265' title='bbox 938 3524 1106 3592; x_wconf 88' lang='lat' dir='ltr'><strong>rationem.</strong></span> <span class='ocrx_word' id='word_1_266' title='bbox 1141 3523 1414 3610; x_wconf 89' lang='lat' dir='ltr'><strong>ltaphilosopbos‚</strong></span> <span class='ocrx_word' id='word_1_267' title='bbox 1437 3543 1570 3610; x_wconf 85' lang='lat' dir='ltr'><strong>quorun</strong></span> 
     </span>
     <span class='ocr_line' id='line_1_32' title="bbox 397 3624 1570 3714; baseline 0.002 -22"><span class='ocrx_word' id='word_1_268' title='bbox 397 3627 577 3714; x_wconf 56' lang='lat' dir='ltr'><strong>sententiae⁸</strong></span> <span class='ocrx_word' id='word_1_269' title='bbox 591 3629 725 3692; x_wconf 89' lang='lat' dir='ltr'><strong>multum</strong></span> <span class='ocrx_word' id='word_1_270' title='bbox 746 3624 848 3694; x_wconf 91' lang='lat' dir='ltr'><strong>absint</strong></span> <span class='ocrx_word' id='word_1_271' title='bbox 870 3649 888 3692; x_wconf 91' lang='lat' dir='ltr'><strong>a</strong></span> <span class='ocrx_word' id='word_1_272' title='bbox 909 3627 1010 3714; x_wconf 90' lang='lat' dir='ltr'><strong>plebis</strong></span> <span class='ocrx_word' id='word_1_273' title='bbox 1031 3628 1172 3704; x_wconf 49' lang='lat' dir='ltr'><strong>indicias</strong></span> <span class='ocrx_word' id='word_1_274' title='bbox 1194 3626 1295 3694; x_wconf 86' lang='lat' dir='ltr'><strong>abea</strong></span> <span class='ocrx_word' id='word_1_275' title='bbox 1316 3627 1493 3713; x_wconf 88' lang='lat' dir='ltr'><strong>vituperari</strong></span> <span class='ocrx_word' id='word_1_276' title='bbox 1519 3649 1570 3694; x_wconf 85' lang='lat' dir='ltr'><strong>ne·</strong></span> 
     </span>
     <span class='ocr_line' id='line_1_33' title="bbox 398 3730 1568 3818; baseline -0.002 -19"><span class='ocrx_word' id='word_1_277' title='bbox 398 3752 485 3799; x_wconf 83' lang='lat' dir='ltr'><strong>cesso</strong></span> <span class='ocrx_word' id='word_1_278' title='bbox 500 3753 582 3809; x_wconf 88' lang='lat' dir='ltr'><strong>esse,</strong></span> <span class='ocrx_word' id='word_1_279' title='bbox 599 3733 738 3818; x_wconf 88' lang='lat' dir='ltr'><strong>itemque</strong></span> <span class='ocrx_word' id='word_1_280' title='bbox 753 3752 772 3796; x_wconf 89' lang='lat' dir='ltr'><strong>a</strong></span> <span class='ocrx_word' id='word_1_281' title='bbox 787 3732 946 3818; x_wconf 90' lang='lat' dir='ltr'><strong>sophistis,</strong></span> <span class='ocrx_word' id='word_1_282' title='bbox 961 3753 1021 3798; x_wconf 89' lang='lat' dir='ltr'><strong>nec</strong></span> <span class='ocrx_word' id='word_1_283' title='bbox 1035 3737 1155 3800; x_wconf 85' lang='lat' dir='ltr'><strong>servari</strong></span> <span class='ocrx_word' id='word_1_284' title='bbox 1167 3731 1209 3798; x_wconf 87' lang='lat' dir='ltr'><strong>ita</strong></span> <span class='ocrx_word' id='word_1_285' title='bbox 1219 3730 1399 3818; x_wconf 91' lang='lat' dir='ltr'><strong>philosophi</strong></span> <span class='ocrx_word' id='word_1_286' title='bbox 1414 3741 1568 3808; x_wconf 87' lang='lat' dir='ltr'><strong>naturam.</strong></span> 
     </span>
     <span class='ocr_line' id='line_1_34' title="bbox 395 3835 1571 3922; baseline 0.003 -24"><span class='ocrx_word' id='word_1_287' title='bbox 395 3837 479 3920; x_wconf 82' lang='lat' dir='ltr'><strong>llam</strong></span> <span class='ocrx_word' id='word_1_288' title='bbox 501 3855 599 3920; x_wconf 89' lang='lat' dir='ltr'><strong>quum</strong></span> <span class='ocrx_word' id='word_1_289' title='bbox 619 3839 702 3902; x_wconf 91' lang='lat' dir='ltr'><strong>hona</strong></span> <span class='ocrx_word' id='word_1_290' title='bbox 723 3835 958 3922; x_wconf 84' lang='lat' dir='ltr'><strong>philosophicae</strong></span> <span class='ocrx_word' id='word_1_291' title='bbox 979 3846 1109 3903; x_wconf 89' lang='lat' dir='ltr'><strong>naturae</strong></span> <span class='ocrx_word' id='word_1_292' title='bbox 1131 3835 1288 3904; x_wconf 87' lang='lat' dir='ltr'><strong>eiusmodi</strong></span> <span class='ocrx_word' id='word_1_293' title='bbox 1302 3835 1375 3913; x_wconf 88' lang='lat' dir='ltr'><strong>sint,</strong></span> <span class='ocrx_word' id='word_1_294' title='bbox 1398 3844 1436 3902; x_wconf 91' lang='lat' dir='ltr'><strong>ut</strong></span> <span class='ocrx_word' id='word_1_295' title='bbox 1449 3840 1490 3902; x_wconf 92' lang='lat' dir='ltr'><strong>ad</strong></span> <span class='ocrx_word' id='word_1_296' title='bbox 1504 3858 1571 3902; x_wconf 87' lang='lat' dir='ltr'><strong>suas</strong></span> 
     </span>
     <span class='ocr_line' id='line_1_35' title="bbox 397 3939 1570 4025; baseline 0.002 -21"><span class='ocrx_word' id='word_1_297' title='bbox 397 3958 451 4004; x_wconf 87' lang='lat' dir='ltr'><strong>res</strong></span> <span class='ocrx_word' id='word_1_298' title='bbox 484 3959 518 4006; x_wconf 90' lang='lat' dir='ltr'><strong>se</strong></span> <span class='ocrx_word' id='word_1_299' title='bbox 550 3959 587 4004; x_wconf 91' lang='lat' dir='ltr'><strong>ea</strong></span> <span class='ocrx_word' id='word_1_300' title='bbox 619 3942 666 4005; x_wconf 93' lang='lat' dir='ltr'><strong>uti</strong></span> <span class='ocrx_word' id='word_1_301' title='bbox 694 3960 789 4025; x_wconf 88' lang='lat' dir='ltr'><strong>posse</strong></span> <span class='ocrx_word' id='word_1_302' title='bbox 815 3939 984 4025; x_wconf 89' lang='lat' dir='ltr'><strong>aliquande</strong></span> <span class='ocrx_word' id='word_1_303' title='bbox 1011 3939 1182 4010; x_wconf 84' lang='lat' dir='ltr'><strong>familiares</strong></span> <span class='ocrx_word' id='word_1_304' title='bbox 1210 3963 1247 4006; x_wconf 89' lang='lat' dir='ltr'><strong>ao</strong></span> <span class='ocrx_word' id='word_1_305' title='bbox 1277 3943 1365 4015; x_wconf 80' lang='lat' dir='ltr'><strong>cives¹</strong></span> <span class='ocrx_word' id='word_1_306' title='bbox 1384 3940 1570 4024; x_wconf 84' lang='lat' dir='ltr'><strong>intelligant,</strong></span> 
     </span>
     <span class='ocr_line' id='line_1_36' title="bbox 399 4040 1572 4132; baseline 0 -23"><span class='ocrx_word' id='word_1_307' title='bbox 399 4050 492 4109; x_wconf 88' lang='lat' dir='ltr'><strong>antea</strong></span> <span class='ocrx_word' id='word_1_308' title='bbox 519 4040 657 4110; x_wconf 91' lang='lat' dir='ltr'><strong>blandiri</strong></span> <span class='ocrx_word' id='word_1_309' title='bbox 686 4064 742 4110; x_wconf 88' lang='lat' dir='ltr'><strong>eos</strong></span> <span class='ocrx_word' id='word_1_310' title='bbox 761 4043 942 4129; x_wconf 81' lang='lat' dir='ltr'><strong>potentiam</strong></span> <span class='ocrx_word' id='word_1_311' title='bbox 966 4044 1050 4112; x_wconf 82' lang='lat' dir='ltr'><strong>illius</strong></span> <span class='ocrx_word' id='word_1_312' title='bbox 1077 4065 1158 4132; x_wconf 82' lang='lat' dir='ltr'><strong>quae</strong></span> <span class='ocrx_word' id='word_1_313' title='bbox 1185 4043 1291 4113; x_wconf 87' lang='lat' dir='ltr'><strong>lutura</strong></span> <span class='ocrx_word' id='word_1_314' title='bbox 1317 4043 1374 4120; x_wconf 90' lang='lat' dir='ltr'><strong>sit,</strong></span> <span class='ocrx_word' id='word_1_315' title='bbox 1416 4051 1511 4131; x_wconf 84' lang='lat' dir='ltr'><strong>atque</strong></span> <span class='ocrx_word' id='word_1_316' title='bbox 1531 4047 1572 4109; x_wconf 92' lang='lat' dir='ltr'><strong>ita</strong></span> 
     </span>
     <span class='ocr_line' id='line_1_37' title="bbox 397 4134 1571 4236; baseline 0.003 -24"><span class='ocrx_word' id='word_1_317' title='bbox 397 4146 483 4214; x_wconf 86' lang='lat' dir='ltr'><strong>fastu</strong></span> <span class='ocrx_word' id='word_1_318' title='bbox 509 4153 544 4230; x_wconf 82' lang='lat' dir='ltr'><strong>¹et</strong></span> <span class='ocrx_word' id='word_1_319' title='bbox 575 4134 725 4231; x_wconf 85' lang='lat' dir='ltr'><strong>superbia</strong></span> <span class='ocrx_word' id='word_1_320' title='bbox 754 4147 899 4235; x_wconf 86' lang='lat' dir='ltr'><strong>implere.</strong></span> <span class='ocrx_word' id='word_1_321' title='bbox 945 4152 1022 4216; x_wconf 87' lang='lat' dir='ltr'><strong>Neo.</strong></span> <span class='ocrx_word' id='word_1_322' title='bbox 1039 4156 1148 4216; x_wconf 86' lang='lat' dir='ltr'><strong>eontra</strong></span> <span class='ocrx_word' id='word_1_323' title='bbox 1176 4147 1237 4216; x_wconf 85' lang='lat' dir='ltr'><strong>ista</strong></span> <span class='ocrx_word' id='word_1_324' title='bbox 1266 4147 1438 4236; x_wconf 60' lang='lat' dir='ltr'><strong>widonem</strong></span> <span class='ocrx_word' id='word_1_325' title='bbox 1466 4147 1571 4216; x_wconf 82' lang='lat' dir='ltr'><strong>valere</strong></span> 
     </span>
     <span class='ocr_line' id='line_1_38' title="bbox 397 4252 1571 4350; baseline 0.002 -33"><span class='ocrx_word' id='word_1_326' title='bbox 397 4253 555 4322; x_wconf 87' lang='lat' dir='ltr'><strong>rationem</strong></span> <span class='ocrx_word' id='word_1_327' title='bbox 576 4259 666 4318; x_wconf 85' lang='lat' dir='ltr'><strong>recto</strong></span> <span class='ocrx_word' id='word_1_328' title='bbox 685 4252 865 4350; x_wconf 76' lang='lat' dir='ltr'><strong>suadentis,</strong></span> <span class='ocrx_word' id='word_1_329' title='bbox 898 4254 1046 4341; x_wconf 86' lang='lat' dir='ltr'><strong>qnoniam</strong></span> <span class='ocrx_word' id='word_1_330' title='bbox 1068 4262 1178 4330; x_wconf 81' lang='lat' dir='ltr'><strong>eontra</strong></span> <span class='ocrx_word' id='word_1_331' title='bbox 1199 4253 1302 4320; x_wconf 87' lang='lat' dir='ltr'><strong>uisuri</strong></span> <span class='ocrx_word' id='word_1_332' title='bbox 1321 4252 1401 4331; x_wconf 88' lang='lat' dir='ltr'><strong>sint,</strong></span> <span class='ocrx_word' id='word_1_333' title='bbox 1418 4256 1488 4338; x_wconf 72' lang='lat' dir='ltr'><strong>¹qui</strong></span> <span class='ocrx_word' id='word_1_334' title='bbox 1500 4255 1571 4320; x_wconf 81' lang='lat' dir='ltr'><strong>suis</strong></span> 
     </span>
    </p>
   </div>
   <div class='ocr_carea' id='block_1_3' title="bbox 0 0 1654 5232">
    <p class='ocr_par' dir='ltr' id='par_1_3' title="bbox 0 0 1654 5232">
     <span class='ocr_line' id='line_1_39' title="bbox 0 0 1654 5232; baseline 0 0"><span class='ocrx_word' id='word_1_335' title='bbox 0 0 1654 5232; x_wconf 95' lang='lat' dir='ltr'><strong> </strong></span> 
     </span>
    </p>
   </div>
  </div>
 </body>
</html>
