3296 5232
840 423 890 446 -·
924 388 988 458 3110
1029 422 1080 446 -ι

363 551 399 620 in
421 547 624 637 philosophia
647 552 828 620 ednemdos
853 571 925 618 esse
949 549 1068 618 metet
1111 551 1153 620 lt·
1181 550 1209 618 ei
1229 549 1284 621 [int
1314 550 1556 642 rempublicam

362 653 554 724 eenoervnrt.
580 649 680 742 Ἡμῖν
692 651 752 740 δὴ,
772 643 813 738 ἦν
825 658 853 722 δ’
869 652 940 741 ἐγὼ,
961 649 1071 724 πάντα
1086 652 1286 724 τὰτοιαῦτα
1300 658 1553 742 διευλαβητέον,

363 753 406 838 ὡς
427 754 483 826 ἐὰν
503 765 564 844 μὲν
585 753 767 849 ἀρτιμελεῖς
789 783 823 826 τε
845 764 901 826 καὶ
921 754 1128 852 ἀρτίφρονας
1143 760 1194 827 ἐπὶ
1208 755 1375 843 τοσαύτην
1384 756 1553 847 μάθησιν

363 866 418 932 καί
440 855 605 945 τοσαύτην
633 858 774 946 ἄσκησιν
801 863 994 950 κομίσαντος
1020 858 1242 951 παιδεύωμεν,
1263 856 1286 946 η’
1306 889 1341 932 τε
1372 865 1445 947 δίκη
1474 859 1555 952 ἡμῖν

364 961 403 1036 οὐ
424 967 594 1058 μέμψεται
609 962 713 1048 αὐτὴ,
736 961 796 1049 τήν
817 991 851 1036 τε
865 961 962 1034 πόλιν
977 970 1033 1035 καὶ
1048 968 1216 1036 πολιτείαν
1231 962 1389 1056 σώσομεν.

449 1074 516 1138 Iam
546 1072 681 1138 deducto
714 1077 762 1136 est
794 1073 895 1137 orotio
925 1079 1033 1138 nostra
1060 1070 1100 1139 ad
1129 1092 1202 1138 enm
1235 1071 1359 1150 locum,
1399 1073 1457 1158 qni
1491 1074 1557 1157 ipsi

363 1195 500 1248 numero
531 1177 678 1263 proxime
699 1173 872 1258 praeeedit,
900 1182 931 1241 et
956 1175 1008 1242 vel
1033 1173 1075 1242 oh
1100 1196 1171 1246 eam
1201 1197 1328 1242 oausam
1343 1174 1558 1262 gravissime

365 1278 518 1348 omnium.
564 1279 659 1348 Cuius
688 1278 844 1346 sententis
875 1283 953 1346 haee
981 1277 1049 1346 iere
1076 1286 1141 1350 est:
1175 1283 1312 1346 Neeesse
1341 1300 1414 1350 esse
1440 1287 1480 1345 ut
1509 1287 1560 1346 tot

364 1385 427 1450 sint
446 1381 609 1452 hominum
629 1384 775 1450 diversae
804 1383 945 1469 speeies,
969 1391 1048 1470 quet
1073 1385 1248 1452 civitatum.
1290 1387 1362 1450 Non
1392 1385 1485 1450 enim
1515 1403 1559 1450 ex

365 1509 486 1575 qnereu
508 1494 563 1554 aut
588 1507 669 1574 rupe
693 1487 772 1554 oriri
801 1486 959 1564 civitates,
988 1485 1046 1554 sed
1071 1509 1114 1554 ex
1145 1487 1290 1554 moribus
1321 1486 1465 1564 nivium,
1501 1489 1560 1573 qni

365 1613 555 1679 quoeunque
580 1599 713 1676 vergant
736 1589 860 1677 relique
888 1611 997 1658 seeum
1016 1591 1150 1658 trahent.
1187 1590 1331 1670 Quodsi
1354 1593 1455 1676 igitur
1479 1590 1560 1656 eivi-

363 1704 464 1764 tetnm
484 1697 622 1784 qrrinque
644 1716 763 1782 genera
783 1695 862 1772 sint,
885 1697 1025 1783 quinque
1035 1698 1136 1764 etiem
1148 1715 1218 1762 esse
1233 1693 1399 1762 hominum
1415 1715 1555 1779 genera.

366 1798 414 1866 cs.
437 1799 494 1866 ne.
517 1801 601 1866 vrrs.
626 1819 658 1887 p.
679 1800 754 1866 stt.
778 1806 859 1864 exe.
885 1801 931 1864 st.
975 1789 1075 1866 οἷον
1100 1784 1176 1881 οὖν,
1196 1785 1240 1883 ἦν
1261 1791 1288 1864 ε’
1311 1795 1390 1886 syn,
1422 1789 1481 1864 ὅτι
1503 1805 1558 1864 και

366 1899 558 1994 ἀνθρώπων
588 1905 657 1986 σίδη
694 1903 843 1970 τοσαῦτα
875 1897 1002 1988 ἀνάγκη
1036 1896 1167 1994 τρόπον
1200 1891 1301 1984 εἶναι,
1341 1895 1475 1992 ὅσαπερ
1504 1907 1555 1970 καί

364 2008 554 2091 πολιτειῶνς
583 2003 603 2089 ἢ
629 2009 689 2074 οἴει
718 2007 753 2074 ἐκ
783 2001 883 2097 δρυός
911 2010 1023 2076 ’ποθεν
1043 2001 1065 2085 ἢ
1087 2007 1121 2072 ἐκ
1146 2008 1270 2094 πέτροις
1299 2001 1359 2084 τὰς
1385 2006 1559 2084 πολιτείας

365 2113 562 2200 γίγνεσθαι,
589 2106 658 2178 ἀλλ’
683 2107 755 2198 οὐχὶ
776 2112 811 2177 ἐκ
840 2111 903 2178 τῶν
923 2105 1023 2196 η’θῶν
1045 2109 1109 2176 τῶν
1131 2109 1164 2176 ἓν
1184 2112 1259 2187 ταῖς
1280 2103 1435 2190 πόλεσιν,
1470 2105 1559 2176 ὃᾶν

367 2207 475 2303 ὥσπερ
487 2215 639 2308 ῥέψαντα
651 2201 757 2282 τᾶλλα
768 2209 1000 2308 ἐφελκύσηταις
1017 2208 1177 2300 Οὐδαμῶς
1190 2207 1292 2298 ἔγωγ’,
1307 2211 1383 2304 ἔφη,
1394 2209 1560 2296 ἄλλοθεν,
1640 2271 1641 2306 ρ

369 2315 391 2402 ἢ
413 2319 577 2386 ἐντεῦθεν.
625 2313 751 2386 Οὐκοῦν
773 2313 804 2384 εἰ
823 2313 865 2384 τὰ
887 2317 950 2385 τῶν
971 2310 1097 2385 πόλεων
1118 2319 1228 2396 πέντε,
1249 2321 1305 2384 καὶ
1327 2319 1363 2382 αἱ
1379 2317 1446 2384 τῶν
1471 2312 1560 2385 ι’διω-
1640 2333 1641 2412 t

366 2422 430 2490 τῶν
451 2427 652 2489 κατασκευαὶ
676 2423 734 2506 τῆς
753 2420 867 2515 ψυχῆς
888 2423 980 2489 πέντε
995 2416 1037 2488 ἂν
1052 2410 1122 2489 εἶεν.
1166 2420 1225 2488 His
1239 2423 1312 2488 eddi
1330 2426 1438 2508 potest
1459 2423 1560 2510 ‚quod
1640 2413 1641 2466 i

365 2525 421 2594 lib.
434 2529 519 2596 VIII.
536 2551 569 2612 p.
583 2529 655 2593 568.
668 2527 795 2612 legitur.
838 2526 923 2592 Dicit
943 2527 1029 2592 enim
1042 2532 1153 2610 poetes
1165 2527 1303 2611 tragicos
1318 2521 1425 2603 καλὰς
1440 2521 1559 2617 φωνὰς
1640 2509 1641 2563 ³

368 2635 424 2699 καὶ
444 2625 592 2718 μεγάλας
612 2635 667 2697 καὶ
689 2625 844 2708 πιθανὰς
863 2631 1147 2716 μισθωσαμένονς
1165 2630 1211 2707 είς
1224 2630 1422 2719 τυραννίδας
1447 2653 1484 2696 τε
1506 2633 1560 2696 καί

372 2734 598 2823 δημοκρατίας
618 2736 721 2802 ἕλκειν
742 2730 803 2812 τὰς
824 2733 1000 2812 πολιτείας.
1035 2731 1082 2800 Cf.
1106 2735 1202 2800 etism
1225 2749 1313 2819 quse.
1321 2732 1406 2800 libro
1420 2734 1469 2800 X.
1488 2755 1560 2798 eon·

369 2847 419 2906 trs
429 2836 544 2923 poesin
552 2837 710 2904 mimicam
723 2837 806 2904 diota
816 2845 898 2913 sunt.
914 2835 1059 2922 inprimis
1072 2857 1153 2924 qnae
1159 2858 1190 2925 p.
1201 2839 1275 2904 60⁷.
1284 2838 1322 2903 A.
1337 2839 1382 2902 St.
1393 2835 1558 2922 leguntur.

460 2944 527 3008 Ism
549 2961 627 3008 vero
650 2942 757 3008 omnis
777 2962 860 3030 qnee
887 2941 949 3008 huo
974 2961 1078 3027 nsque
1106 2941 1189 3008 dieto
1217 2949 1293 3008 sunt
1321 2940 1505 3026 colligenda
1532 2949 1561 3007 et

369 3045 510 3116 hreniter
520 3045 817 3130 comprehendendo
827 3053 911 3122 snut,
927 3051 963 3112 ut
970 3067 1011 3110 ne
1024 3043 1101 3130 qnid
1114 3043 1243 3112 lectoris
1253 3045 1395 3110 animum
1404 3045 1558 3111 oculosve

369 3152 478 3238 fugiet.
533 3151 655 3216 Eorum
692 3149 789 3235 igitur
813 3150 968 3216 sententia
1001 3152 1080 3214 haee
1113 3155 1179 3216 ests
1214 3148 1383 3215 Interitum
1421 3149 1561 3216 civitatis

369 3257 578 3341 repetendum
610 3273 681 3320 esse
702 3275 722 3321 e
743 3253 949 3338 permistione
970 3255 1066 3320 trium
1088 3251 1236 3320 eisseium
1269 3254 1424 3330 civitatis,
1458 3254 1505 3318 ita
1529 3259 1562 3318 nt

370 3363 394 3428 ii
427 3358 483 3446 qni
514 3355 704 3426 inferiorum
747 3357 892 3426 eiossium
932 3358 1010 3424 sint.
1025 3357 1077 3423 vei
1096 3377 1186 3423 esse
1223 3359 1378 3433 debeant,
1421 3355 1562 3440 imperes

370 3472 457 3532 tento
487 3462 625 3539 muneri,
653 3460 849 3548 reipublicae
876 3459 1089 3546 gubernnonle
1115 3459 1289 3526 obtineant.
1342 3445 1455 3526 Trium
1484 3481 1562 3526 vere

371 3569 516 3636 elnssium
550 3566 684 3633 civitatis
713 3565 870 3650 originem
899 3585 968 3632 esse
997 3584 1037 3630 ex
1065 3562 1167 3630 trihus
1199 3563 1296 3630 animi
1328 3566 1428 3630 nostri
1463 3565 1561 3648 perti·

371 3669 443 3739 hus.
502 3675 581 3738 Nom
615 3671 812 3756 singularum
845 3668 1028 3736 teenltntum
1068 3667 1166 3733 enimi
1202 3687 1272 3734 eam
1305 3665 1370 3734 vim
1402 3687 1492 3743 esse,
1530 3675 1563 3735 ut

372 3774 397 3840 ii
428 3775 463 3842 in
491 3795 628 3861 quorum
663 3774 867 3840 eniminum
900 3772 1006 3856 alique
1039 3771 1169 3838 taenias
1205 3771 1337 3857 reliquis
1369 3771 1558 3849 antecellet,

374 3880 509 3945 eundem
541 3881 637 3946 animi
669 3885 789 3944 statum·
817 3878 911 3942 etiam
943 3875 1026 3962 proli
1059 3897 1134 3942 suae
1162 3877 1314 3942 inrorant.
1343 3877 1560 3961 Repetendem

373 3983 419 4052 ita
448 3983 683 4069 permistionem
719 3983 815 4048 trium
854 3979 1001 4046 classium
1030 3978 1164 4046 civitatis
1194 3978 1326 4077 eiusque
1357 3981 1561 4045 interitums

373 4087 527 4175 permisto
559 4107 596 4152 ao
627 4088 754 4154 turbato
793 4083 889 4151 animi
922 4090 1005 4150 stetu
1039 4103 1112 4150 cum
1145 4103 1280 4160 eorum,
1322 4081 1376 4169 qni
1409 4083 1563 4170 reipubli-

373 4211 430 4257 cae
460 4188 671 4276 gubernante
705 4187 850 4254 manibus
878 4193 1025 4265 teneant,
1064 4207 1125 4252 nee
1162 4186 1318 4252 civitatem
1358 4187 1495 4270 emplius
1525 4187 1562 4253 ad

376 4294 464 4364 thess
494 4292 575 4362 honi
606 4291 681 4360 insti
714 4291 903 4380 pulchrique
924 4290 1073 4362 ordinent
1106 4311 1143 4360 ao
1175 4296 1307 4380 segont.
1340 4297 1411 4360 turn
1447 4290 1564 4358 civium
