3296 5232
834 391 1068 460 606-

357 541 440 618 όταν
461 549 495 616 ἐν
510 543 599 642 αὐτῷ
620 542 726 642 τούτῳ
744 543 842 628 ςάσις
859 549 1040 636 ἐγγένηται,
1063 543 1284 671 ὁμονοοῦντος
1306 552 1353 630 δὲ,
1374 545 1440 617 κάν
1454 544 1545 617 πάνυ

356 650 503 740 ὀλίγον’
488 639 524 748 η,
546 617 716 722 ἀδύνατον
733 654 934 736 κινηθῆναι,
948 650 1044 720 Ἔστι
1065 650 1130 772 γάρ
1155 645 1252 721 ούτω.
1295 654 1379 732 Πῶς
1401 639 1463 720 οὐν
1485 651 1544 735 δή,

357 748 465 840 εἶπον,
487 755 513 823 ὠ
534 759 565 824 Ι
563 751 750 839 λαυκων,
732 783 752 839 η
775 751 911 835 πόλις
893 760 970 842 ημῖν
991 751 1233 840 κινηθήσεταις
1267 763 1324 824 καὶ
1347 757 1394 838 πή
1422 752 1548 876 ςοισιρί-

357 883 472 928 οονοιν
494 863 527 930 οί
548 860 716 950 ἐπίκουροι
736 865 793 928 καὶ
815 864 847 926 οἱ
868 856 1024 949 ἄρχοντες
1045 857 1128 950 πρὸς
1151 855 1317 942 ἀλλήλους
1332 886 1366 928 τε
1381 867 1439 928 καὶ
1460 857 1549 946 πρὸς
1639 915 1640 920 ,

357 959 513 1048 ἐοιυτούςς
542 959 564 1047 ἢ
591 959 722 1050 βούλει,
737 982 739 988 ’
757 955 863 1052 ὥσπερ
885 955 1048 1053 Ὅμηρος,
1083 959 1265 1052 ἐὐχώμεθα
1287 969 1361 1042 ταῖς
1383 959 1549 1043 Μούσαις

360 1064 459 1138 εἰπεῖν
481 1063 574 1157 ήμίν,
604 1059 693 1146 ὅπως
714 1063 755 1149 δή
782 1068 913 1185 πρῶτον
941 1063 1038 1146 ςάσις
1060 1066 1193 1154 ἔμπεσε,
1221 1072 1276 1136 καί
1298 1069 1414 1160 φῶμεν
1438 1063 1548 1146 αὐτάς

359 1171 536 1263 τραγικῶς,
567 1165 610 1250 ὡς
631 1168 714 1263 πρὸς
735 1164 896 1248 παῖδας
878 1172 966 1256 ημάς
986 1165 1171 1253 παιζούσας
1199 1177 1256 1238 καὶ
1284 1167 1548 1261 ἐρεσχηλούσας,

358 1272 402 1356 ἀς
424 1273 464 1362 δή
490 1275 617 1370 σπουδή
645 1269 822 1360 λεγούσας,
851 1269 1169 1396 ὑψηλολογουμένας
1197 1277 1319 1360 6766,-
1349 1277 1449 1358 Πῶςς
1466 1266 1551 1342 Ωὸέ

356 1405 435 1458 πως.
467 1347 624 1458 Χαλεπόν
651 1385 712 1462 μὲν
740 1379 927 1464 κινηθῆναι
954 1373 1052 1446 πόλιν
1081 1369 1167 1498 ρύτω
1196 1379 1351 1499 ξυςάοαν
1382 1375 1456 1446 ἀλλ’
1484 1381 1550 1446 ἐπεὶ

360 1486 521 1606 γενομένῳ
556 1487 656 1570 παντὶ
693 1476 866 1584 φθορά’
850 1505 934 1562 εςιν,
974 1477 1100 1566 οὐδή
1138 1478 1277 1565 τοιαύτη
1316 1479 1457 1605 ξύςαρις
1493 1481 1551 1550 τὸν

360 1580 493 1656 ἅπαντα
514 1590 608 1674 μενεῖ
621 1580 757 1678 χρόνον,
780 1574 867 1652 ἀλλά
890 1509 1100 1670 λυθήσεταιη
1114 1580 1206 1664 λύσις
1229 1589 1266 1654 δὲ
1286 1578 1355 1674 ήδε·
1380 1583 1421 1654 οὐ
1428 1582 1553 1710 μόνρν

361 1695 480 1808 φυτοῖς
502 1691 674 1776 ἐγγείοις,
683 1685 769 1756 ἀλλά
790 1693 846 1755 και
868 1689 901 1758 ἐν
923 1690 1076 1775 ἐπιγείοις
1097 1685 1193 1772 ζώοις
1215 1687 1307 1784 φορά
1336 1695 1393 1756 και
1417 1686 1552 1784 ἀφορία

359 1795 474 1889 ψυχῆς
502 1818 536 1862 τε
564 1819 621 1862 και
651 1791 811 1880 σωμάτων
838 1816 1023 1879 γιγνοντοιι,
1056 1784 1140 1862 ότοιν
1178 1799 1377 1883 περιτροπαὶ
1415 1789 1553 1873 εκάςοις

360 1895 487 1966 κύκλων
517 1893 704 1989 περιφοράς
737 1889 941 1978 ξυνάπτωοι,
972 1897 1168 1988 βραχυβίοις
1200 1903 1262 1984 μὲν
1292 1892 1552 1990 βραχυπόρους,

361 2001 521 2080 ἐναντίοις
542 2003 578 2068 δὲ
600 2000 758 2078 ἐναντίας.
779 2003 893 2086 γένους
914 2003 950 2068 δὲ
972 1995 1130 2089 ὑμετέρου
1155 1995 1304 2086 εὐγονίας
1325 2025 1359 2067 τε
1381 2007 1440 2068 καὶ
1463 1999 1554 2094 ἀφο-

363 2105 456 2198 ρίας,
477 2105 593 2193 καίπερ
617 2100 708 2182 ὄντες
729 2108 831 2195 σοφοί
854 2097 911 2180 οὐς
933 2097 1105 2188 ήγεμόνοις
1127 2097 1252 2182 πόλεως
1279 2100 1554 2188 ἐπαιδεύσασθε,

365 2205 463 2276 οὐδὲν
483 2209 610 2294 μᾶλλον
632 2207 781 2332 λογισμρ”
809 2202 875 2294 μετ’
900 2201 1096 2291 αἰσθήσεως
1117 2203 1302 2290 τεύξονται,
1325 2204 1413 2277 ἀλλὰ
1435 2205 1555 2300 πάρει-

366 2335 419 2380 οιν
441 2305 581 2392 αὐτούς,
602 2315 658 2376 καὶ
678 2302 872 2432 γεννήσουσι
898 2305 1022 2387 παῖδάς
1046 2333 1126 2380 ποτε
1150 2307 1188 2378 οὐ
1221 2311 1352 2380 δέομ’
1332 2337 1382 2392 εςι
1404 2315 1443 2380 δὲ
1466 2315 1555 2406 θείῳ
1639 2357 1640 2380 ι

362 2422 424 2538 μὲν
444 2438 585 2508 γεννητρι
569 2407 794 2537 περίρδος“
770 2436 813 2500 ην
827 2407 980 2500 ἀριθμός
993 2410 1232 2505 περιλαμβάνει
1247 2419 1388 2498 τέλειος,
1412 2412 1556 2508 ἀνθρω·

272 2583 275 2590 ,
365 2519 450 2612 πείρι
466 2520 539 2586 δὲ’
523 2543 557 2586 εν
579 2505 605 2611 ᾧ
626 2512 744 2642 πρώτῳ
766 2511 918 2602 αὐξήσεις
939 2511 1118 2606 δυνάμεναί
1144 2543 1179 2586 τε
1207 2524 1264 2586 καὶ
1291 2515 1555 2610 δυναςευόμεναι

365 2648 453 2714 τρεις
482 2617 676 2740 ἀποςάρεις,
705 2623 867 2712 τέτταρας
896 2611 979 2688 δὲ“
960 2645 1059 2713 ορους
1088 2617 1301 2708 λαβοῦσαι
1285 2618 1497 2743 ομριούντων
1524 2650 1556 2693 τε

368 2732 424 2801 καὶ
447 2719 693 2813 ἀνομοιούντων
721 2730 776 2792 και
803 2719 968 2806 αὐξόντων
995 2731 1051 2792 καὶ
1073 2719 1271 2818 φθινόντων
1291 2721 1402 2795 πάντα
1425 2725 1557 2817 προσή

367 2855 453 2918 γορα
468 2833 531 2895 καὶ
560 2824 644 2919 ῥητά
672 2823 755 2919 πρός
783 2824 912 2910 ἄλληλα
939 2823 1121 2921 ἀπέφηναν·
1152 2819 1196 2897 66
1224 2827 1388 2922 ἐπίτριτος
1409 2831 1558 2921 πυθμήν

368 2927 516 3022 πεμπάδι
539 2933 686 3018 συζυγεὶς
707 2927 767 2998 δύο
793 2926 959 3020 ἀρμονίοις
986 2936 1165 3025 παρέχεται
1193 2939 1263 3020 τρὶς
1292 2930 1477 3018 αὐξηθείς,
1500 2935 1558 3018 τήν

366 3045 427 3127 μὲν
449 3039 523 3118 ἴσην
545 3030 672 3118 ἰσάκις,
699 3031 816 3104 ἑκατόν
844 3031 1063 3116 τοσαυτάκις,
1091 3033 1152 3124 τήν
1179 3039 1215 3106 δὲ
1245 3033 1388 3126 ἰσομήκη
1416 3047 1484 3126 μὲν
1506 3043 1556 3135 τῇ,

369 3136 524 3234 προμήκη
546 3141 600 3220 δὲ,
623 3136 740 3224 ἑκατὸν
760 3147 820 3227 μὲν
842 3135 1001 3231 ἀριθμῶν
1015 3136 1082 3208 ἀπὸ
1104 3143 1290 3233 διαμέτρων
1303 3141 1411 3232 ῥητῶν
1423 3141 1559 3231 πεμπά-
1639 3191 1640 3196 1

368 3249 426 3325 δος
447 3245 607 3332 δεομένων
628 3240 699 3322 ἐνὸς
720 3237 861 3324 ἐκάςων,
882 3239 1036 3335 ἀρρήτων
1057 3246 1093 3310 δὲ
1115 3247 1220 3326 δυεῖν,
1247 3241 1364 3312 ἑκατόν
1386 3247 1424 3314 δέ
1444 3243 1560 3334 κύβων
1639 3257 1640 3348 6

368 3343 515 3472 τριάδος.
536 3340 663 3433 ξύμπας
678 3348 713 3413 δὲ
729 3336 826 3425 ούτος
837 3342 990 3438 ἀριθμὸς
1003 3344 1228 3470 γεωμετρικός,
1253 3343 1408 3415 τοιούτου
1430 3345 1556 3442 κύριος,

370 3448 552 3582 ἀμεινόνων
573 3475 607 3518 τε
628 3455 684 3517 καὶ
702 3445 859 3540 χειρόνων
873 3453 1042 3570 γενέσεων
1065 3444 1106 3530 ἀς
1128 3442 1210 3518 όταν
1234 3445 1500 3538 ἀγνοήσαντεςί
1482 3459 1558 3543 υμῖν

370 3561 402 3624 οἱ
433 3551 590 3680 φύλακες
611 3555 817 3635 συνοικίζωσι
854 3551 987 3676 νυμφάς
1018 3554 1175 3678 νυμφίοις
1207 3552 1299 3673 παρὰ
1326 3553 1464 3648 καιρόν,
1499 3555 1559 3626 οὐκ
1639 3627 1640 3638 χ

371 3657 500 3783 εὐφυεῖς
514 3653 590 3728 οὐδ
615 3654 763 3776 εὐτύχεις
776 3657 924 3738 παῖδες’
906 3676 1050 3725 εσονται·
1075 3649 1118 3725 66
1138 3653 1388 3780 καταςήσονται
1401 3667 1467 3748 μὲν
1482 3660 1559 3740 τούς

372 3759 507 3863 ἀρίςους
529 3765 561 3830 οί
581 3757 755 3854 πρότεροι,
778 3753 865 3848 ὅμως
887 3757 965 3829 δὲ”
945 3785 1036 3840 οντες
1056 3756 1202 3844 ἀνάξιοι,
1224 3786 1271 3842 εις
1292 3761 1352 3841 τὰς
1371 3765 1438 3831 τῶν
1457 3769 1559 3834 πατέ-

372 3890 438 3959 ρων
460 3891 502 3932 66
490 3860 671 3954 ’δυνάμεις
693 3859 892 3944 ἐλθόντες
872 3864 965 3953 ημῶν
979 3865 1109 3984 πρῶτον
1122 3862 1278 3983 ἄρξονται
1299 3862 1430 3988 ἀμελειν
1446 3865 1558 3959 φύλα
1639 3899 1640 3952 ε

370 3995 424 4049 κες
446 3965 550 4050 ὄντες,
571 3994 639 4088 παρ
670 3967 812 4035 ἔλαττον
835 3970 895 4034 τοῦ
917 3965 1089 4089 δέοντοςί
1068 3965 1272 4058 ηγηοάμενοι
1299 3968 1344 4037 τά
1373 3995 1558 4060 μουσικης,
1639 4011 1640 4030 1

370 4071 523 4165 δεύτερον
543 4074 580 4139 δὲ
602 4069 643 4138 τά
663 4073 903 4160 γυμναςικῆς.
897 4063 1030 4139 ὅθεν
1010 4067 1232 4164 ἀμουσότεροι
1260 4069 1458 4194 γενήσοντριι
1481 4073 1559 4165 ύμῖν

374 4183 406 4246 6
426 4180 504 4247 νέοι.
519 4175 561 4242 ἐκ
583 4176 618 4241 δὲ
604 4171 764 4293 ὲτρότων
785 4171 942 4266 ἀρχοντες
955 4171 994 4243 06
1013 4171 1100 4243 πάνυ
1112 4177 1292 4267 φυλακικοὶ
1306 4173 1559 4305 κοιταςήσονται

373 4279 457 4374 πρὸς
483 4278 523 4349 τὸ
553 4259 739 4367 δοκιμάζειν
769 4275 813 4347 τά
836 4275 1019 4350 Ηοιόδου
1027 4305 1062 4348 τε
1097 4283 1154 4348 καὶ
1181 4276 1224 4348 τά
1252 4305 1320 4374 παρ
1359 4276 1436 4371 ύμῖν
1465 4286 1558 4372 γένη,
