<?xml version="1.0" encoding="UTF-8"?>
<!DOCTYPE html PUBLIC "-//W3C//DTD XHTML 1.0 Transitional//EN"
    "http://www.w3.org/TR/xhtml1/DTD/xhtml1-transitional.dtd">
<html xmlns="http://www.w3.org/1999/xhtml" xml:lang="en" lang="en">
 <head>
  <title>
</title>
<meta http-equiv="Content-Type" content="text/html;charset=utf-8" />
  <meta name='ocr-system' content='tesseract 3.04.00' />
  <meta name='ocr-capabilities' content='ocr_page ocr_carea ocr_par ocr_line ocrx_word'/>
</head>
<body>
  <div class='ocr_page' id='page_1' title='image "./prolegomenaadpl00rettgoog_0189.png"; bbox 0 0 3298 5232; ppageno 0'>
   <div class='ocr_carea' id='block_1_1' title="bbox 876 400 1106 464">
    <p class='ocr_par' dir='ltr' id='par_1_1' title="bbox 876 400 1106 464">
     <span class='ocr_line' id='line_1_1' title="bbox 876 400 1106 464; baseline 0.014 -3.194"><span class='ocrx_word' id='word_1_1' title='bbox 876 400 1023 464; x_wconf 78' lang='lat'>-1&#39;18</span> <span class='ocrx_word' id='word_1_2' title='bbox 1064 429 1106 448; x_wconf 91' lang='lat'>····</span> 
     </span>
    </p>
   </div>
   <div class='ocr_carea' id='block_1_2' title="bbox 395 547 1639 4278">
    <p class='ocr_par' dir='ltr' id='par_1_2' title="bbox 395 547 1639 4264">
     <span class='ocr_line' id='line_1_2' title="bbox 401 547 1576 677; baseline -0.001 -54"><span class='ocrx_word' id='word_1_3' title='bbox 401 553 498 676; x_wconf 78' lang='grc' dir='ltr'><strong><em>ναῦς-</em></strong></span> <span class='ocrx_word' id='word_1_4' title='bbox 499 547 697 641; x_wconf 65' lang='grc' dir='ltr'><strong><em>’γιγνομένων</em></strong></span> <span class='ocrx_word' id='word_1_5' title='bbox 723 551 780 622; x_wconf 88' lang='grc' dir='ltr'><strong><em>τόν</em></strong></span> <span class='ocrx_word' id='word_1_6' title='bbox 810 551 853 634; x_wconf 82' lang='grc' dir='ltr'><strong><em>ῶς</em></strong></span> <span class='ocrx_word' id='word_1_7' title='bbox 882 551 1021 638; x_wconf 74' lang='grc' dir='ltr'><strong><em>ἀληθῶς</em></strong></span> <span class='ocrx_word' id='word_1_8' title='bbox 1049 552 1281 642; x_wconf 78' lang='grc' dir='ltr'><strong><em>κυβερνητικὸν</em></strong></span> <span class='ocrx_word' id='word_1_9' title='bbox 1302 552 1363 677; x_wconf 83' lang='grc' dir='ltr'><strong><em>οὐχ</em></strong></span> <span class='ocrx_word' id='word_1_10' title='bbox 1385 552 1450 653; x_wconf 80' lang='grc' dir='ltr'><strong><em>ήχῇ</em></strong></span> <span class='ocrx_word' id='word_1_11' title='bbox 1473 553 1515 624; x_wconf 75' lang='grc' dir='ltr'><strong><em>ἀν</em></strong></span> <span class='ocrx_word' id='word_1_12' title='bbox 1537 557 1576 648; x_wconf 78' lang='grc' dir='ltr'><strong><em>τῷ</em></strong></span> 
     </span>
     <span class='ocr_line' id='line_1_3' title="bbox 401 652 1577 782; baseline 0.002 -58"><span class='ocrx_word' id='word_1_13' title='bbox 401 654 473 726; x_wconf 80' lang='grc' dir='ltr'><strong><em>ἀντι</em></strong></span> <span class='ocrx_word' id='word_1_14' title='bbox 493 652 762 748; x_wconf 77' lang='grc' dir='ltr'><strong><em>μετεωροσκόπον</em></strong></span> <span class='ocrx_word' id='word_1_15' title='bbox 792 681 826 724; x_wconf 89' lang='grc' dir='ltr'><strong><em>τε</em></strong></span> <span class='ocrx_word' id='word_1_16' title='bbox 852 665 908 726; x_wconf 84' lang='grc' dir='ltr'><strong><em>καὶ</em></strong></span> <span class='ocrx_word' id='word_1_17' title='bbox 935 656 1115 778; x_wconf 78' lang='grc' dir='ltr'><strong><em>ἀδολέσχην</em></strong></span> <span class='ocrx_word' id='word_1_18' title='bbox 1137 665 1192 726; x_wconf 74' lang='grc' dir='ltr'><strong><em>καὶ</em></strong></span> <span class='ocrx_word' id='word_1_19' title='bbox 1214 655 1380 782; x_wconf 86' lang='grc' dir='ltr'><strong><em>ἀχρηστόν</em></strong></span> <span class='ocrx_word' id='word_1_20' title='bbox 1397 683 1504 740; x_wconf 83' lang='grc' dir='ltr'><strong><em>σφισι</em></strong></span> <span class='ocrx_word' id='word_1_21' title='bbox 1524 685 1577 726; x_wconf 85' lang='grc' dir='ltr'><strong><em>κα-</em></strong></span> 
     </span>
     <span class='ocr_line' id='line_1_4' title="bbox 401 754 1578 849; baseline 0.002 -21"><span class='ocrx_word' id='word_1_22' title='bbox 401 756 586 828; x_wconf 75' lang='grc' dir='ltr'><strong><em>λοῖσθον</em></strong></span> <span class='ocrx_word' id='word_1_23' title='bbox 570 759 633 828; x_wconf 84' lang='grc' dir='ltr'><strong><em>υπὸ</em></strong></span> <span class='ocrx_word' id='word_1_24' title='bbox 664 761 726 828; x_wconf 87' lang='grc' dir='ltr'><strong><em>τῶν</em></strong></span> <span class='ocrx_word' id='word_1_25' title='bbox 754 763 787 828; x_wconf 78' lang='grc' dir='ltr'><strong><em>ἐν</em></strong></span> <span class='ocrx_word' id='word_1_26' title='bbox 815 767 889 841; x_wconf 86' lang='grc' dir='ltr'><strong><em>ταῖς</em></strong></span> <span class='ocrx_word' id='word_1_27' title='bbox 916 754 1001 830; x_wconf 82' lang='grc' dir='ltr'><strong><em>οίιτω</em></strong></span> <span class='ocrx_word' id='word_1_28' title='bbox 1030 767 1347 849; x_wconf 75' lang='grc' dir='ltr'><strong><em>κατεσκευασμέναις</em></strong></span> <span class='ocrx_word' id='word_1_29' title='bbox 1374 769 1473 832; x_wconf 75' lang='grc' dir='ltr'><strong><em>ναυσὶ</em></strong></span> <span class='ocrx_word' id='word_1_30' title='bbox 1497 767 1578 830; x_wconf 89' lang='grc' dir='ltr'><strong><em>πλω-</em></strong></span> 
     </span>
     <span class='ocr_line' id='line_1_5' title="bbox 400 855 1579 987; baseline 0 -55"><span class='ocrx_word' id='word_1_31' title='bbox 400 860 526 956; x_wconf 72' lang='grc' dir='ltr'><strong><em>τήρωνς</em></strong></span> <span class='ocrx_word' id='word_1_32' title='bbox 546 865 624 932; x_wconf 83' lang='grc' dir='ltr'><strong><em>Καὶ</em></strong></span> <span class='ocrx_word' id='word_1_33' title='bbox 650 861 761 953; x_wconf 83' lang='grc' dir='ltr'><strong><em>μάλα,</em></strong></span> <span class='ocrx_word' id='word_1_34' title='bbox 791 865 855 957; x_wconf 78' lang='grc' dir='ltr'><strong><em>ἔφη</em></strong></span> <span class='ocrx_word' id='word_1_35' title='bbox 892 861 910 931; x_wconf 91' lang='lat'><strong><em>6</em></strong></span> <span class='ocrx_word' id='word_1_36' title='bbox 940 861 1164 987; x_wconf 78' lang='grc' dir='ltr'><strong><em>Ἀδείμαντος.</em></strong></span> <span class='ocrx_word' id='word_1_37' title='bbox 1207 863 1255 934; x_wconf 88' lang='lat'><strong><em>06</em></strong></span> <span class='ocrx_word' id='word_1_38' title='bbox 1289 865 1346 948; x_wconf 83' lang='grc' dir='ltr'><strong><em>δή,</em></strong></span> <span class='ocrx_word' id='word_1_39' title='bbox 1379 855 1477 948; x_wconf 83' lang='grc' dir='ltr'><strong><em>ήνδ</em></strong></span> <span class='ocrx_word' id='word_1_40' title='bbox 1513 863 1579 952; x_wconf 80' lang='grc' dir='ltr'><strong><em>ἐγὼ,</em></strong></span> 
     </span>
     <span class='ocr_line' id='line_1_6' title="bbox 396 962 1579 1055; baseline 0 -21"><span class='ocrx_word' id='word_1_41' title='bbox 396 969 494 1055; x_wconf 89' lang='grc' dir='ltr'><strong><em>οἰμαι</em></strong></span> <span class='ocrx_word' id='word_1_42' title='bbox 517 970 655 1036; x_wconf 87' lang='grc' dir='ltr'><strong><em>δεῖσθαί</em></strong></span> <span class='ocrx_word' id='word_1_43' title='bbox 676 992 711 1035; x_wconf 90' lang='grc' dir='ltr'><strong><em>σε</em></strong></span> <span class='ocrx_word' id='word_1_44' title='bbox 734 966 1015 1054; x_wconf 79' lang='grc' dir='ltr'><strong><em>ἐξεταζομένην</em></strong></span> <span class='ocrx_word' id='word_1_45' title='bbox 981 993 1040 1050; x_wconf 89' lang='grc' dir='ltr'><strong><em>τήν</em></strong></span> <span class='ocrx_word' id='word_1_46' title='bbox 1062 965 1172 1040; x_wconf 85' lang='grc' dir='ltr'><strong><em>είιιόνα</em></strong></span> <span class='ocrx_word' id='word_1_47' title='bbox 1192 962 1325 1050; x_wconf 74' lang='grc' dir='ltr'><strong><em>ίδεῖν,“</em></strong></span> <span class='ocrx_word' id='word_1_48' title='bbox 1306 994 1358 1037; x_wconf 89' lang='grc' dir='ltr'><strong><em>οτι</em></strong></span> <span class='ocrx_word' id='word_1_49' title='bbox 1379 966 1579 1048; x_wconf 85' lang='grc' dir='ltr'><strong><em>ταῖςπόλεσι</em></strong></span> 
     </span>
     <span class='ocr_line' id='line_1_7' title="bbox 398 1048 1636 1164; baseline 0 -26"><span class='ocrx_word' id='word_1_50' title='bbox 398 1069 483 1160; x_wconf 84' lang='grc' dir='ltr'><strong><em>πρὸς</em></strong></span> <span class='ocrx_word' id='word_1_51' title='bbox 511 1069 587 1150; x_wconf 81' lang='grc' dir='ltr'><strong><em>τοός</em></strong></span> <span class='ocrx_word' id='word_1_52' title='bbox 617 1068 803 1153; x_wconf 74' lang='grc' dir='ltr'><strong><em>ἀληθινοὺς</em></strong></span> <span class='ocrx_word' id='word_1_53' title='bbox 831 1066 1042 1164; x_wconf 81' lang='grc' dir='ltr'><strong><em>φιλοσόφους</em></strong></span> <span class='ocrx_word' id='word_1_54' title='bbox 1070 1070 1129 1155; x_wconf 86' lang='grc' dir='ltr'><strong><em>τήν</em></strong></span> <span class='ocrx_word' id='word_1_55' title='bbox 1158 1069 1365 1142; x_wconf 82' lang='grc' dir='ltr'><strong><em>διάθεοιν”</em></strong></span> <span class='ocrx_word' id='word_1_56' title='bbox 1346 1097 1467 1153; x_wconf 89' lang='grc' dir='ltr'><strong><em>εοιιιεν,</em></strong></span> <span class='ocrx_word' id='word_1_57' title='bbox 1498 1069 1579 1140; x_wconf 82' lang='grc' dir='ltr'><strong><em>ἀλλὰ</em></strong></span> <span class='ocrx_word' id='word_1_58' title='bbox 1635 1048 1636 1130; x_wconf 92' lang='lat'><strong><em>6</em></strong></span> 
     </span>
     <span class='ocr_line' id='line_1_8' title="bbox 398 1169 1579 1264; baseline -0.002 -20"><span class='ocrx_word' id='word_1_59' title='bbox 398 1169 629 1261; x_wconf 75' lang='lat'>66666666‘</span> <span class='ocrx_word' id='word_1_60' title='bbox 609 1201 627 1242; x_wconf 95' lang='grc' dir='ltr'><strong><em>ο</em></strong></span> <span class='ocrx_word' id='word_1_61' title='bbox 651 1179 743 1262; x_wconf 79' lang='grc' dir='ltr'><strong><em>λέγω.</em></strong></span> <span class='ocrx_word' id='word_1_62' title='bbox 785 1178 856 1240; x_wconf 80' lang='grc' dir='ltr'><strong><em>Καὶ</em></strong></span> <span class='ocrx_word' id='word_1_63' title='bbox 880 1172 968 1263; x_wconf 79' lang='grc' dir='ltr'><strong><em>μάλ’,</em></strong></span> <span class='ocrx_word' id='word_1_64' title='bbox 1002 1176 1079 1258; x_wconf 81' lang='grc' dir='ltr'><strong><em>ἔφη.</em></strong></span> <span class='ocrx_word' id='word_1_65' title='bbox 1123 1179 1268 1262; x_wconf 87' lang='grc' dir='ltr'><strong><em>Πρῶτον</em></strong></span> <span class='ocrx_word' id='word_1_66' title='bbox 1287 1184 1348 1264; x_wconf 82' lang='grc' dir='ltr'><strong><em>μέν</em></strong></span> <span class='ocrx_word' id='word_1_67' title='bbox 1369 1178 1484 1244; x_wconf 80' lang='grc' dir='ltr'><strong><em>τοίνυν</em></strong></span> <span class='ocrx_word' id='word_1_68' title='bbox 1507 1179 1579 1242; x_wconf 77' lang='grc' dir='ltr'><strong><em>έκεῖ-</em></strong></span> 
     </span>
     <span class='ocr_line' id='line_1_9' title="bbox 397 1271 1580 1372; baseline -0.003 -24"><span class='ocrx_word' id='word_1_69' title='bbox 397 1303 454 1348; x_wconf 83' lang='grc' dir='ltr'><strong><em>νσν</em></strong></span> <span class='ocrx_word' id='word_1_70' title='bbox 476 1276 534 1346; x_wconf 81' lang='grc' dir='ltr'><strong><em>τὸν</em></strong></span> <span class='ocrx_word' id='word_1_71' title='bbox 557 1275 796 1366; x_wconf 79' lang='grc' dir='ltr'><strong><em>θαυμάζοντα,</em></strong></span> <span class='ocrx_word' id='word_1_72' title='bbox 825 1271 878 1346; x_wconf 81' lang='grc' dir='ltr'><strong><em>ὅτι</em></strong></span> <span class='ocrx_word' id='word_1_73' title='bbox 906 1284 938 1345; x_wconf 89' lang='grc' dir='ltr'><strong><em>οἱ</em></strong></span> <span class='ocrx_word' id='word_1_74' title='bbox 966 1274 1153 1372; x_wconf 79' lang='grc' dir='ltr'><strong><em>φιλόσοφοι</em></strong></span> <span class='ocrx_word' id='word_1_75' title='bbox 1181 1276 1220 1346; x_wconf 88' lang='lat'><strong><em>06</em></strong></span> <span class='ocrx_word' id='word_1_76' title='bbox 1253 1281 1417 1366; x_wconf 80' lang='grc' dir='ltr'><strong><em>τιμῶνται</em></strong></span> <span class='ocrx_word' id='word_1_77' title='bbox 1446 1283 1482 1347; x_wconf 82' lang='grc' dir='ltr'><strong><em>έν</em></strong></span> <span class='ocrx_word' id='word_1_78' title='bbox 1512 1286 1580 1357; x_wconf 83' lang='grc' dir='ltr'><strong><em>ταῖς</em></strong></span> 
     </span>
     <span class='ocr_line' id='line_1_10' title="bbox 396 1375 1580 1473; baseline -0.003 -19"><span class='ocrx_word' id='word_1_79' title='bbox 396 1378 531 1464; x_wconf 80' lang='grc' dir='ltr'><strong><em>πόλεσι,</em></strong></span> <span class='ocrx_word' id='word_1_80' title='bbox 560 1385 695 1450; x_wconf 86' lang='grc' dir='ltr'><strong><em>δίδασκέ</em></strong></span> <span class='ocrx_word' id='word_1_81' title='bbox 721 1407 757 1450; x_wconf 87' lang='grc' dir='ltr'><strong><em>τε</em></strong></span> <span class='ocrx_word' id='word_1_82' title='bbox 786 1380 845 1464; x_wconf 87' lang='grc' dir='ltr'><strong><em>τήν</em></strong></span> <span class='ocrx_word' id='word_1_83' title='bbox 867 1377 976 1450; x_wconf 80' lang='grc' dir='ltr'><strong><em>εἰκόνα</em></strong></span> <span class='ocrx_word' id='word_1_84' title='bbox 998 1388 1054 1449; x_wconf 84' lang='grc' dir='ltr'><strong><em>καὶ</em></strong></span> <span class='ocrx_word' id='word_1_85' title='bbox 1074 1408 1177 1473; x_wconf 84' lang='grc' dir='ltr'><strong><em>πτερω</em></strong></span> <span class='ocrx_word' id='word_1_86' title='bbox 1160 1375 1378 1464; x_wconf 79' lang='grc' dir='ltr'><strong><em>πείθειν,“</em></strong></span> <span class='ocrx_word' id='word_1_87' title='bbox 1359 1407 1413 1450; x_wconf 93' lang='grc' dir='ltr'><strong><em>οτι</em></strong></span> <span class='ocrx_word' id='word_1_88' title='bbox 1435 1381 1565 1450; x_wconf 74' lang='grc' dir='ltr'><strong><em>παλδ’</em></strong></span> <span class='ocrx_word' id='word_1_89' title='bbox 1545 1408 1580 1450; x_wconf 89' lang='grc' dir='ltr'><strong><em>αν</em></strong></span> 
     </span>
     <span class='ocr_line' id='line_1_11' title="bbox 398 1473 1580 1615; baseline -0.002 -61"><span class='ocrx_word' id='word_1_90' title='bbox 398 1473 722 1607; x_wconf 79' lang='grc' dir='ltr'><strong><em>θαυμαστότερον</em></strong></span> <span class='ocrx_word' id='word_1_91' title='bbox 703 1510 752 1567; x_wconf 94' lang='grc' dir='ltr'><strong><em>ην,</em></strong></span> <span class='ocrx_word' id='word_1_92' title='bbox 776 1482 806 1552; x_wconf 86' lang='grc' dir='ltr'><strong><em>εἰ</em></strong></span> <span class='ocrx_word' id='word_1_93' title='bbox 823 1488 991 1608; x_wconf 82' lang='grc' dir='ltr'><strong><em>ἐτιμῶντο.</em></strong></span> <span class='ocrx_word' id='word_1_94' title='bbox 1030 1481 1137 1554; x_wconf 80' lang='grc' dir='ltr'><strong><em>Ἀλλὰ</em></strong></span> <span class='ocrx_word' id='word_1_95' title='bbox 1158 1482 1335 1568; x_wconf 76' lang='grc' dir='ltr'><strong><em>διδάξω,”</em></strong></span> <span class='ocrx_word' id='word_1_96' title='bbox 1317 1513 1391 1615; x_wconf 69' lang='grc' dir='ltr'><strong><em>ειχη</em></strong></span> <span class='ocrx_word' id='word_1_97' title='bbox 1437 1479 1552 1554; x_wconf 83' lang='lat' dir='ltr'>K66‘&#39;</span> <span class='ocrx_word' id='word_1_98' title='bbox 1534 1511 1580 1552; x_wconf 90' lang='grc' dir='ltr'><strong><em>οτι</em></strong></span> 
     </span>
     <span class='ocr_line' id='line_1_12' title="bbox 395 1574 1637 1681; baseline 0.002 -25"><span class='ocrx_word' id='word_1_99' title='bbox 395 1593 508 1658; x_wconf 86' lang='grc' dir='ltr'><strong><em>τοίνυν</em></strong></span> <span class='ocrx_word' id='word_1_100' title='bbox 523 1585 660 1672; x_wconf 81' lang='grc' dir='ltr'><strong><em>τάληθῆ</em></strong></span> <span class='ocrx_word' id='word_1_101' title='bbox 675 1574 831 1676; x_wconf 67' lang='grc' dir='ltr'><strong><em>λέγεις’</em></strong></span> <span class='ocrx_word' id='word_1_102' title='bbox 810 1617 853 1668; x_wconf 87' lang='grc' dir='ltr'><strong><em>ως</em></strong></span> <span class='ocrx_word' id='word_1_103' title='bbox 868 1586 1028 1681; x_wconf 77' lang='grc' dir='ltr'><strong><em>ἄχρηστοι</em></strong></span> <span class='ocrx_word' id='word_1_104' title='bbox 1050 1595 1119 1668; x_wconf 89' lang='grc' dir='ltr'><strong><em>τοῖς</em></strong></span> <span class='ocrx_word' id='word_1_105' title='bbox 1140 1594 1276 1668; x_wconf 80' lang='grc' dir='ltr'><strong><em>πολλοῖς</em></strong></span> <span class='ocrx_word' id='word_1_106' title='bbox 1296 1595 1329 1656; x_wconf 86' lang='lat'><strong><em>06</em></strong></span> <span class='ocrx_word' id='word_1_107' title='bbox 1345 1593 1579 1658; x_wconf 77' lang='grc' dir='ltr'><strong><em>ἐπιεικέστατοι</em></strong></span> <span class='ocrx_word' id='word_1_108' title='bbox 1636 1577 1637 1664; x_wconf 92' lang='lat'><strong><em>6</em></strong></span> 
     </span>
     <span class='ocr_line' id='line_1_13' title="bbox 398 1687 1637 1816; baseline 0.001 -57"><span class='ocrx_word' id='word_1_109' title='bbox 398 1695 462 1761; x_wconf 90' lang='grc' dir='ltr'><strong><em>τῶν</em></strong></span> <span class='ocrx_word' id='word_1_110' title='bbox 494 1695 528 1762; x_wconf 83' lang='grc' dir='ltr'><strong><em>έν</em></strong></span> <span class='ocrx_word' id='word_1_111' title='bbox 509 1694 757 1786; x_wconf 78' lang='grc' dir='ltr'><strong><em>νφιλοοοφία</em></strong></span> <span class='ocrx_word' id='word_1_112' title='bbox 791 1695 847 1774; x_wconf 87' lang='grc' dir='ltr'><strong><em>τής</em></strong></span> <span class='ocrx_word' id='word_1_113' title='bbox 874 1698 984 1780; x_wconf 90' lang='grc' dir='ltr'><strong><em>μέντοι</em></strong></span> <span class='ocrx_word' id='word_1_114' title='bbox 1014 1687 1194 1782; x_wconf 78' lang='grc' dir='ltr'><strong><em>ἀχρηστίας</em></strong></span> <span class='ocrx_word' id='word_1_115' title='bbox 1225 1691 1300 1772; x_wconf 82' lang='grc' dir='ltr'><strong><em>τοὺς</em></strong></span> <span class='ocrx_word' id='word_1_116' title='bbox 1327 1691 1373 1813; x_wconf 86' lang='grc' dir='ltr'><strong><em>μή</em></strong></span> <span class='ocrx_word' id='word_1_117' title='bbox 1392 1699 1580 1816; x_wconf 80' lang='grc' dir='ltr'><strong><em>χρωμένους</em></strong></span> <span class='ocrx_word' id='word_1_118' title='bbox 1636 1693 1637 1718; x_wconf 72' lang='lat'>³</span> 
     </span>
     <span class='ocr_line' id='line_1_14' title="bbox 398 1793 1580 1917; baseline 0 -53"><span class='ocrx_word' id='word_1_119' title='bbox 398 1801 505 1876; x_wconf 72' lang='grc' dir='ltr'><strong><em>κέλευε</em></strong></span> <span class='ocrx_word' id='word_1_120' title='bbox 534 1794 738 1876; x_wconf 82' lang='grc' dir='ltr'><strong><em>αἰτιᾶσθαι,</em></strong></span> <span class='ocrx_word' id='word_1_121' title='bbox 765 1793 851 1876; x_wconf 81' lang='grc' dir='ltr'><strong><em>ἀλλά</em></strong></span> <span class='ocrx_word' id='word_1_122' title='bbox 872 1793 918 1884; x_wconf 88' lang='grc' dir='ltr'><strong><em>μή</em></strong></span> <span class='ocrx_word' id='word_1_123' title='bbox 942 1793 1017 1875; x_wconf 79' lang='grc' dir='ltr'><strong><em>τοὺς</em></strong></span> <span class='ocrx_word' id='word_1_124' title='bbox 1044 1799 1206 1917; x_wconf 82' lang='grc' dir='ltr'><strong><em>ἐπιεικεῖς.</em></strong></span> <span class='ocrx_word' id='word_1_125' title='bbox 1230 1793 1269 1864; x_wconf 91' lang='lat'><strong><em>06</em></strong></span> <span class='ocrx_word' id='word_1_126' title='bbox 1297 1795 1361 1886; x_wconf 85' lang='grc' dir='ltr'><strong><em>χάρ</em></strong></span> <span class='ocrx_word' id='word_1_127' title='bbox 1388 1798 1456 1886; x_wconf 83' lang='grc' dir='ltr'><strong><em>ἔχει</em></strong></span> <span class='ocrx_word' id='word_1_128' title='bbox 1483 1793 1580 1889; x_wconf 78' lang='grc' dir='ltr'><strong><em>φύσιν</em></strong></span> 
     </span>
     <span class='ocr_line' id='line_1_15' title="bbox 397 1895 1580 1992; baseline -0.002 -22"><span class='ocrx_word' id='word_1_129' title='bbox 397 1903 596 1991; x_wconf 79' lang='grc' dir='ltr'><strong><em>κυβερνήτην</em></strong></span> <span class='ocrx_word' id='word_1_130' title='bbox 622 1901 750 1968; x_wconf 81' lang='grc' dir='ltr'><strong><em>ναυτῶν</em></strong></span> <span class='ocrx_word' id='word_1_131' title='bbox 779 1903 919 1968; x_wconf 80' lang='grc' dir='ltr'><strong><em>δεῖσθαι</em></strong></span> <span class='ocrx_word' id='word_1_132' title='bbox 951 1896 1166 1988; x_wconf 77' lang='grc' dir='ltr'><strong><em>ἀρχεσθαι’</em></strong></span> <span class='ocrx_word' id='word_1_133' title='bbox 1148 1895 1206 1992; x_wconf 76' lang='lat'><strong><em>66&#39;</em></strong></span> <span class='ocrx_word' id='word_1_134' title='bbox 1241 1895 1361 1981; x_wconf 82' lang='grc' dir='ltr'><strong><em>αὑτοῦ,</em></strong></span> <span class='ocrx_word' id='word_1_135' title='bbox 1395 1897 1478 1968; x_wconf 79' lang='grc' dir='ltr'><strong><em>,οὐδὲ</em></strong></span> <span class='ocrx_word' id='word_1_136' title='bbox 1510 1899 1580 1980; x_wconf 81' lang='grc' dir='ltr'><strong><em>τοὺς</em></strong></span> 
     </span>
     <span class='ocr_line' id='line_1_16' title="bbox 398 1999 1580 2123; baseline -0.002 -49"><span class='ocrx_word' id='word_1_137' title='bbox 398 2003 527 2123; x_wconf 67' lang='lat'>006069</span> <span class='ocrx_word' id='word_1_138' title='bbox 548 2007 599 2072; x_wconf 82' lang='grc' dir='ltr'><strong><em>ἐπὶ</em></strong></span> <span class='ocrx_word' id='word_1_139' title='bbox 620 2001 680 2082; x_wconf 83' lang='grc' dir='ltr'><strong><em>τὰς</em></strong></span> <span class='ocrx_word' id='word_1_140' title='bbox 702 2005 765 2071; x_wconf 92' lang='grc' dir='ltr'><strong><em>τῶν</em></strong></span> <span class='ocrx_word' id='word_1_141' title='bbox 787 2005 951 2071; x_wconf 90' lang='grc' dir='ltr'><strong><em>πλουσίων</em></strong></span> <span class='ocrx_word' id='word_1_142' title='bbox 979 1999 1133 2091; x_wconf 80' lang='grc' dir='ltr'><strong><em>θόρας’</em></strong></span> <span class='ocrx_word' id='word_1_143' title='bbox 1119 2007 1218 2088; x_wconf 89' lang='grc' dir='ltr'><strong><em>ιέναι,</em></strong></span> <span class='ocrx_word' id='word_1_144' title='bbox 1241 1999 1351 2070; x_wconf 72' lang='grc' dir='ltr'><strong><em>ἀλλΗ</em></strong></span> <span class='ocrx_word' id='word_1_145' title='bbox 1335 2027 1354 2069; x_wconf 93' lang='lat' dir='ltr'><strong>o</strong></span> <span class='ocrx_word' id='word_1_146' title='bbox 1378 2006 1484 2072; x_wconf 74' lang='grc' dir='ltr'><strong><em>τοῦτο</em></strong></span> <span class='ocrx_word' id='word_1_147' title='bbox 1506 2031 1580 2092; x_wconf 85' lang='grc' dir='ltr'><strong><em>κομ-</em></strong></span> 
     </span>
     <span class='ocr_line' id='line_1_17' title="bbox 398 2095 1638 2236; baseline -0.002 -60"><span class='ocrx_word' id='word_1_148' title='bbox 398 2103 606 2229; x_wconf 78' lang='grc' dir='ltr'><strong><em>ψευσάμενρς</em></strong></span> <span class='ocrx_word' id='word_1_149' title='bbox 628 2102 812 2200; x_wconf 78' lang='grc' dir='ltr'><strong><em>ἐψεύσατο,</em></strong></span> <span class='ocrx_word' id='word_1_150' title='bbox 835 2103 873 2174; x_wconf 90' lang='grc' dir='ltr'><strong><em>τὸ</em></strong></span> <span class='ocrx_word' id='word_1_151' title='bbox 896 2109 931 2174; x_wconf 81' lang='grc' dir='ltr'><strong><em>δὲ</em></strong></span> <span class='ocrx_word' id='word_1_152' title='bbox 954 2102 1085 2188; x_wconf 80' lang='grc' dir='ltr'><strong><em>ἀληθὲς</em></strong></span> <span class='ocrx_word' id='word_1_153' title='bbox 1106 2111 1259 2236; x_wconf 72' lang='grc' dir='ltr'><strong><em>ιιέερυκιν,</em></strong></span> <span class='ocrx_word' id='word_1_154' title='bbox 1262 2103 1344 2174; x_wconf 80' lang='grc' dir='ltr'><strong><em>έάν</em></strong></span> <span class='ocrx_word' id='word_1_155' title='bbox 1363 2131 1399 2174; x_wconf 86' lang='grc' dir='ltr'><strong><em>τε</em></strong></span> <span class='ocrx_word' id='word_1_156' title='bbox 1420 2095 1638 2186; x_wconf 67' lang='lat'>660606066</span> <span class='ocrx_word' id='word_1_157' title='bbox 1637 2153 1638 2162; x_wconf 33' lang='grc' dir='ltr'><strong><em>ι</em></strong></span> 
     </span>
     <span class='ocr_line' id='line_1_18' title="bbox 399 2204 1580 2304; baseline 0.002 -28"><span class='ocrx_word' id='word_1_158' title='bbox 399 2206 456 2278; x_wconf 81' lang='grc' dir='ltr'><strong><em>έοίν</em></strong></span> <span class='ocrx_word' id='word_1_159' title='bbox 479 2234 512 2277; x_wconf 87' lang='grc' dir='ltr'><strong><em>τε</em></strong></span> <span class='ocrx_word' id='word_1_160' title='bbox 534 2213 646 2296; x_wconf 83' lang='grc' dir='ltr'><strong><em>πένης</em></strong></span> <span class='ocrx_word' id='word_1_161' title='bbox 653 2204 778 2304; x_wconf 85' lang='grc' dir='ltr'><strong><em>κάμνη,</em></strong></span> <span class='ocrx_word' id='word_1_162' title='bbox 809 2205 991 2296; x_wconf 71' lang='grc' dir='ltr'><strong><em>ἀναγκαῖον</em></strong></span> <span class='ocrx_word' id='word_1_163' title='bbox 1018 2211 1101 2276; x_wconf 87' lang='grc' dir='ltr'><strong><em>εἰναι</em></strong></span> <span class='ocrx_word' id='word_1_164' title='bbox 1125 2212 1174 2277; x_wconf 81' lang='grc' dir='ltr'><strong><em>ἐπὶ</em></strong></span> <span class='ocrx_word' id='word_1_165' title='bbox 1198 2205 1320 2301; x_wconf 83' lang='grc' dir='ltr'><strong><em>ἰατρῶν</em></strong></span> <span class='ocrx_word' id='word_1_166' title='bbox 1340 2207 1500 2300; x_wconf 79' lang='grc' dir='ltr'><strong><em>θύρας</em></strong></span> <span class='ocrx_word' id='word_1_167' title='bbox 1484 2216 1580 2291; x_wconf 90' lang='grc' dir='ltr'><strong><em>ιέναι,</em></strong></span> 
     </span>
     <span class='ocr_line' id='line_1_19' title="bbox 397 2308 1638 2404; baseline -0.002 -19"><span class='ocrx_word' id='word_1_168' title='bbox 397 2320 457 2390; x_wconf 78' lang='grc' dir='ltr'><strong><em>καὶ</em></strong></span> <span class='ocrx_word' id='word_1_169' title='bbox 479 2309 588 2382; x_wconf 83' lang='grc' dir='ltr'><strong><em>πάντα</em></strong></span> <span class='ocrx_word' id='word_1_170' title='bbox 619 2309 677 2379; x_wconf 88' lang='grc' dir='ltr'><strong><em>τὸν</em></strong></span> <span class='ocrx_word' id='word_1_171' title='bbox 704 2310 874 2404; x_wconf 77' lang='grc' dir='ltr'><strong><em>ἄρχεσθαι</em></strong></span> <span class='ocrx_word' id='word_1_172' title='bbox 896 2308 1086 2400; x_wconf 86' lang='grc' dir='ltr'><strong><em>δεόμενον</em></strong></span> <span class='ocrx_word' id='word_1_173' title='bbox 1071 2318 1126 2380; x_wconf 85' lang='grc' dir='ltr'><strong><em>επὶ</em></strong></span> <span class='ocrx_word' id='word_1_174' title='bbox 1143 2311 1203 2392; x_wconf 82' lang='grc' dir='ltr'><strong><em>τὰς</em></strong></span> <span class='ocrx_word' id='word_1_175' title='bbox 1224 2314 1285 2380; x_wconf 77' lang='grc' dir='ltr'><strong><em>τοῦ</em></strong></span> <span class='ocrx_word' id='word_1_176' title='bbox 1305 2310 1418 2402; x_wconf 84' lang='grc' dir='ltr'><strong><em>ἀρχειν</em></strong></span> <span class='ocrx_word' id='word_1_177' title='bbox 1441 2317 1580 2403; x_wconf 78' lang='grc' dir='ltr'><strong><em>δυναμέ</em></strong></span> <span class='ocrx_word' id='word_1_178' title='bbox 1637 2337 1638 2402; x_wconf 68' lang='lat'><strong><em>6</em></strong></span> 
     </span>
     <span class='ocr_line' id='line_1_20' title="bbox 397 2409 1580 2536; baseline -0.001 -49"><span class='ocrx_word' id='word_1_179' title='bbox 397 2442 472 2499; x_wconf 83' lang='lat'>606,</span> <span class='ocrx_word' id='word_1_180' title='bbox 501 2413 539 2484; x_wconf 84' lang='lat'><strong><em>06</em></strong></span> <span class='ocrx_word' id='word_1_181' title='bbox 561 2414 619 2484; x_wconf 90' lang='grc' dir='ltr'><strong><em>τὸν</em></strong></span> <span class='ocrx_word' id='word_1_182' title='bbox 641 2413 787 2505; x_wconf 83' lang='grc' dir='ltr'><strong><em>ἀρχοντα</em></strong></span> <span class='ocrx_word' id='word_1_183' title='bbox 808 2420 949 2484; x_wconf 79' lang='grc' dir='ltr'><strong><em>δεῖσθαι</em></strong></span> <span class='ocrx_word' id='word_1_184' title='bbox 971 2418 1033 2484; x_wconf 91' lang='grc' dir='ltr'><strong><em>τῶν</em></strong></span> <span class='ocrx_word' id='word_1_185' title='bbox 1054 2414 1240 2536; x_wconf 79' lang='grc' dir='ltr'><strong><em>ἀρχομένων</em></strong></span> <span class='ocrx_word' id='word_1_186' title='bbox 1262 2413 1452 2505; x_wconf 79' lang='grc' dir='ltr'><strong><em>ἄρχεσθαι,</em></strong></span> <span class='ocrx_word' id='word_1_187' title='bbox 1480 2409 1522 2486; x_wconf 88' lang='lat'><strong><em>06</em></strong></span> <span class='ocrx_word' id='word_1_188' title='bbox 1545 2415 1580 2486; x_wconf 78' lang='lat'><strong><em>66</em></strong></span> 
     </span>
     <span class='ocr_line' id='line_1_21' title="bbox 399 2507 1638 2643; baseline -0.002 -53"><span class='ocrx_word' id='word_1_189' title='bbox 399 2547 436 2617; x_wconf 80' lang='grc' dir='ltr'><strong><em>τῃ</em></strong></span> <span class='ocrx_word' id='word_1_190' title='bbox 465 2517 614 2612; x_wconf 78' lang='grc' dir='ltr'><strong><em>ἀληθεία</em></strong></span> <span class='ocrx_word' id='word_1_191' title='bbox 642 2543 675 2588; x_wconf 91' lang='grc' dir='ltr'><strong><em>τι</em></strong></span> <span class='ocrx_word' id='word_1_192' title='bbox 704 2507 888 2614; x_wconf 80' lang='grc' dir='ltr'><strong><em>όφελοςῇ.</em></strong></span> <span class='ocrx_word' id='word_1_193' title='bbox 917 2515 1014 2588; x_wconf 82' lang='grc' dir='ltr'><strong><em>ἀλλὰ</em></strong></span> <span class='ocrx_word' id='word_1_194' title='bbox 1029 2518 1107 2598; x_wconf 81' lang='grc' dir='ltr'><strong><em>τοὺς</em></strong></span> <span class='ocrx_word' id='word_1_195' title='bbox 1128 2523 1185 2588; x_wconf 87' lang='grc' dir='ltr'><strong><em>νῦν</em></strong></span> <span class='ocrx_word' id='word_1_196' title='bbox 1205 2518 1440 2599; x_wconf 81' lang='grc' dir='ltr'><strong><em>πολιτικοὺς</em></strong></span> <span class='ocrx_word' id='word_1_197' title='bbox 1414 2545 1580 2643; x_wconf 79' lang='grc' dir='ltr'><strong><em>αρχοντρς</em></strong></span> <span class='ocrx_word' id='word_1_198' title='bbox 1637 2517 1638 2524; x_wconf 53' lang='lat'><em>&#39;</em></span> 
     </span>
     <span class='ocr_line' id='line_1_22' title="bbox 398 2595 1639 2746; baseline -0.001 -53"><span class='ocrx_word' id='word_1_199' title='bbox 398 2595 638 2707; x_wconf 75' lang='grc' dir='ltr'><strong><em>ἀπεικάζων</em></strong></span> <span class='ocrx_word' id='word_1_200' title='bbox 602 2648 651 2703; x_wconf 85' lang='grc' dir='ltr'><strong><em>αις</em></strong></span> <span class='ocrx_word' id='word_1_201' title='bbox 674 2620 748 2712; x_wconf 83' lang='grc' dir='ltr'><strong><em>ἀρτι</em></strong></span> <span class='ocrx_word' id='word_1_202' title='bbox 772 2626 921 2732; x_wconf 77' lang='grc' dir='ltr'><strong><em>ἐλέγομεν</em></strong></span> <span class='ocrx_word' id='word_1_203' title='bbox 949 2619 1087 2703; x_wconf 79' lang='grc' dir='ltr'><strong><em>ναύταις</em></strong></span> <span class='ocrx_word' id='word_1_204' title='bbox 1109 2620 1168 2712; x_wconf 83' lang='grc' dir='ltr'><strong><em>οὐχ</em></strong></span> <span class='ocrx_word' id='word_1_205' title='bbox 1189 2619 1393 2716; x_wconf 76' lang='grc' dir='ltr'><strong><em>ἁμαρτήσει,</em></strong></span> <span class='ocrx_word' id='word_1_206' title='bbox 1424 2631 1483 2692; x_wconf 81' lang='grc' dir='ltr'><strong><em>καὶ</em></strong></span> <span class='ocrx_word' id='word_1_207' title='bbox 1507 2624 1581 2746; x_wconf 68' lang='lat'>6069</span> <span class='ocrx_word' id='word_1_208' title='bbox 1638 2620 1639 2632; x_wconf 39' lang='lat'>¹</span> 
     </span>
     <span class='ocr_line' id='line_1_23' title="bbox 397 2721 1581 2819; baseline -0.003 -21"><span class='ocrx_word' id='word_1_209' title='bbox 397 2725 462 2798; x_wconf 76' lang='grc' dir='ltr'><strong><em>ὑπὸ</em></strong></span> <span class='ocrx_word' id='word_1_210' title='bbox 491 2725 615 2818; x_wconf 79' lang='grc' dir='ltr'><strong><em>τούτων</em></strong></span> <span class='ocrx_word' id='word_1_211' title='bbox 645 2721 830 2815; x_wconf 75' lang='grc' dir='ltr'><strong><em>ἀχρήστους</em></strong></span> <span class='ocrx_word' id='word_1_212' title='bbox 859 2731 1053 2814; x_wconf 75' lang='grc' dir='ltr'><strong><em>λεγομένους</em></strong></span> <span class='ocrx_word' id='word_1_213' title='bbox 1080 2734 1136 2795; x_wconf 78' lang='grc' dir='ltr'><strong><em>καὶ</em></strong></span> <span class='ocrx_word' id='word_1_214' title='bbox 1161 2731 1423 2819; x_wconf 86' lang='grc' dir='ltr'><strong><em>μετεωρολέσχας</em></strong></span> <span class='ocrx_word' id='word_1_215' title='bbox 1445 2725 1562 2807; x_wconf 70' lang='grc' dir='ltr'><strong><em>τοῖς“</em></strong></span> <span class='ocrx_word' id='word_1_216' title='bbox 1541 2755 1581 2806; x_wconf 87' lang='grc' dir='ltr'><strong><em>ως</em></strong></span> 
     </span>
     <span class='ocr_line' id='line_1_24' title="bbox 399 2825 1578 2922; baseline -0.002 -24"><span class='ocrx_word' id='word_1_217' title='bbox 399 2828 541 2913; x_wconf 76' lang='grc' dir='ltr'><strong><em>ἀληθῶς</em></strong></span> <span class='ocrx_word' id='word_1_218' title='bbox 569 2825 796 2918; x_wconf 75' lang='grc' dir='ltr'><strong><em>κυβερνήταις.</em></strong></span> <span class='ocrx_word' id='word_1_219' title='bbox 845 2825 1059 2920; x_wconf 84' lang='grc' dir='ltr'><strong><em>Ὀρθότατα,</em></strong></span> <span class='ocrx_word' id='word_1_220' title='bbox 1089 2831 1162 2922; x_wconf 76' lang='grc' dir='ltr'><strong><em>ἔφη.</em></strong></span> <span class='ocrx_word' id='word_1_221' title='bbox 1208 2829 1259 2896; x_wconf 50' lang='lat' dir='ltr'><strong><em>«of.</em></strong></span> <span class='ocrx_word' id='word_1_222' title='bbox 1291 2851 1323 2917; x_wconf 86' lang='lat' dir='ltr'><strong><em>p.</em></strong></span> <span class='ocrx_word' id='word_1_223' title='bbox 1350 2832 1429 2908; x_wconf 73' lang='lat'>687,</span> <span class='ocrx_word' id='word_1_224' title='bbox 1459 2835 1501 2898; x_wconf 87' lang='lat' dir='ltr'><strong><em>E.</em></strong></span> <span class='ocrx_word' id='word_1_225' title='bbox 1535 2837 1578 2898; x_wconf 69' lang='lat' dir='ltr'><strong><em>St</em></strong></span> 
     </span>
     <span class='ocr_line' id='line_1_25' title="bbox 397 2933 1580 3021; baseline 0 -19"><span class='ocrx_word' id='word_1_226' title='bbox 397 2939 489 3002; x_wconf 82' lang='lat' dir='ltr'><strong>ilsoe</strong></span> <span class='ocrx_word' id='word_1_227' title='bbox 516 2955 641 3002; x_wconf 84' lang='lat' dir='ltr'><strong>omnem</strong></span> <span class='ocrx_word' id='word_1_228' title='bbox 663 2933 880 3021; x_wconf 78' lang='lat' dir='ltr'><strong>philosophiae</strong></span> <span class='ocrx_word' id='word_1_229' title='bbox 898 2955 997 3002; x_wconf 83' lang='lat' dir='ltr'><strong>-verae</strong></span> <span class='ocrx_word' id='word_1_230' title='bbox 1019 2933 1252 3009; x_wconf 79' lang='lat' dir='ltr'><strong>defensionem,</strong></span> <span class='ocrx_word' id='word_1_231' title='bbox 1281 2939 1326 3002; x_wconf 78' lang='lat' dir='ltr'><strong><em>iia</em></strong></span> <span class='ocrx_word' id='word_1_232' title='bbox 1345 2933 1459 3006; x_wconf 74' lang='lat' dir='ltr'><strong>factem</strong></span> <span class='ocrx_word' id='word_1_233' title='bbox 1482 2944 1520 3002; x_wconf 83' lang='lat' dir='ltr'><strong><em>ot</em></strong></span> <span class='ocrx_word' id='word_1_234' title='bbox 1542 2959 1580 3002; x_wconf 82' lang='lat' dir='ltr'><strong><em>ex</em></strong></span> 
     </span>
     <span class='ocr_line' id='line_1_26' title="bbox 399 3036 1579 3128; baseline 0 -22"><span class='ocrx_word' id='word_1_235' title='bbox 399 3038 573 3128; x_wconf 83' lang='lat' dir='ltr'><strong>perversis</strong></span> <span class='ocrx_word' id='word_1_236' title='bbox 590 3038 748 3108; x_wconf 69' lang='lat' dir='ltr'><strong>civitatum</strong></span> <span class='ocrx_word' id='word_1_237' title='bbox 778 3036 921 3104; x_wconf 87' lang='lat' dir='ltr'><strong>moribus</strong></span> <span class='ocrx_word' id='word_1_238' title='bbox 951 3037 1102 3118; x_wconf 74' lang='lat'>6000616</span> <span class='ocrx_word' id='word_1_239' title='bbox 1128 3053 1186 3106; x_wconf 78' lang='lat' dir='ltr'><strong><em>eur</em></strong></span> <span class='ocrx_word' id='word_1_240' title='bbox 1212 3037 1297 3109; x_wconf 81' lang='lat' dir='ltr'><strong>utilis</strong></span> <span class='ocrx_word' id='word_1_241' title='bbox 1324 3059 1389 3106; x_wconf 90' lang='lat' dir='ltr'><strong><em>ooo</em></strong></span> <span class='ocrx_word' id='word_1_242' title='bbox 1413 3039 1472 3116; x_wconf 82' lang='lat' dir='ltr'><strong>sii,</strong></span> <span class='ocrx_word' id='word_1_243' title='bbox 1509 3039 1579 3106; x_wconf 88' lang='lat' dir='ltr'><strong>ideo</strong></span> 
     </span>
     <span class='ocr_line' id='line_1_27' title="bbox 398 3139 1579 3232; baseline -0.001 -21"><span class='ocrx_word' id='word_1_244' title='bbox 398 3143 517 3212; x_wconf 75' lang='lat' dir='ltr'><strong>institui</strong></span> <span class='ocrx_word' id='word_1_245' title='bbox 539 3142 700 3220; x_wconf 75' lang='lat' dir='ltr'><strong>videnus,</strong></span> <span class='ocrx_word' id='word_1_246' title='bbox 724 3145 867 3226; x_wconf 72' lang='lat'>66&#39;066060</span> <span class='ocrx_word' id='word_1_247' title='bbox 886 3145 967 3208; x_wconf 71' lang='lat'>6602</span> <span class='ocrx_word' id='word_1_248' title='bbox 987 3145 1139 3210; x_wconf 72' lang='lat' dir='ltr'><strong>concidere</strong></span> <span class='ocrx_word' id='word_1_249' title='bbox 1159 3162 1273 3208; x_wconf 83' lang='grc' dir='ltr'><strong><em>υιειιει</em></strong></span> <span class='ocrx_word' id='word_1_250' title='bbox 1291 3144 1353 3226; x_wconf 74' lang='lat' dir='ltr'><strong><em>soit</em></strong></span> <span class='ocrx_word' id='word_1_251' title='bbox 1372 3144 1450 3208; x_wconf 80' lang='lat' dir='ltr'><strong>iliud</strong></span> <span class='ocrx_word' id='word_1_252' title='bbox 1471 3139 1579 3232; x_wconf 60' lang='grc' dir='ltr'><strong><em>παρά.</em></strong></span> 
     </span>
     <span class='ocr_line' id='line_1_28' title="bbox 399 3237 1580 3331; baseline -0.002 -17"><span class='ocrx_word' id='word_1_253' title='bbox 399 3247 513 3329; x_wconf 83' lang='grc' dir='ltr'><strong><em>δοξον,</em></strong></span> <span class='ocrx_word' id='word_1_254' title='bbox 540 3268 604 3331; x_wconf 81' lang='grc' dir='ltr'><strong><em>ηνο</em></strong></span> <span class='ocrx_word' id='word_1_255' title='bbox 621 3237 813 3330; x_wconf 70' lang='lat' dir='ltr'><strong><em>philosophie</em></strong></span> <span class='ocrx_word' id='word_1_256' title='bbox 835 3248 992 3312; x_wconf 75' lang='grc' dir='ltr'><strong><em>σιύιιοιυιυ</em></strong></span> <span class='ocrx_word' id='word_1_257' title='bbox 1012 3249 1172 3330; x_wconf 74' lang='lat' dir='ltr'><strong><em>imperium</em></strong></span> <span class='ocrx_word' id='word_1_258' title='bbox 1192 3245 1412 3312; x_wconf 80' lang='grc' dir='ltr'><strong><em>ινσδικδυιπ</em></strong></span> <span class='ocrx_word' id='word_1_259' title='bbox 1389 3267 1452 3312; x_wconf 81' lang='grc' dir='ltr'><strong><em>ατε</em></strong></span> <span class='ocrx_word' id='word_1_260' title='bbox 1474 3250 1580 3312; x_wconf 68' lang='grc' dir='ltr'><strong><em>ταωνι·-</em></strong></span> 
     </span>
     <span class='ocr_line' id='line_1_29' title="bbox 399 3348 1579 3436; baseline 0 -20"><span class='ocrx_word' id='word_1_261' title='bbox 399 3359 545 3416; x_wconf 73' lang='lat' dir='ltr'><strong><em>moveras.</em></strong></span> <span class='ocrx_word' id='word_1_262' title='bbox 588 3353 681 3414; x_wconf 76' lang='lat' dir='ltr'><strong><em>Nom</em></strong></span> <span class='ocrx_word' id='word_1_263' title='bbox 712 3352 804 3414; x_wconf 77' lang='lat' dir='ltr'><strong>fluxit</strong></span> <span class='ocrx_word' id='word_1_264' title='bbox 832 3348 910 3414; x_wconf 84' lang='lat' dir='ltr'><strong>hoeo</strong></span> <span class='ocrx_word' id='word_1_265' title='bbox 942 3349 1044 3415; x_wconf 86' lang='lat' dir='ltr'><strong>omnis</strong></span> <span class='ocrx_word' id='word_1_266' title='bbox 1076 3349 1214 3416; x_wconf 81' lang='lat' dir='ltr'><strong>Sooratis</strong></span> <span class='ocrx_word' id='word_1_267' title='bbox 1246 3349 1414 3436; x_wconf 74' lang='lat' dir='ltr'><strong>disputatio</strong></span> <span class='ocrx_word' id='word_1_268' title='bbox 1448 3369 1493 3416; x_wconf 85' lang='lat' dir='ltr'><strong><em>ex</em></strong></span> <span class='ocrx_word' id='word_1_269' title='bbox 1523 3355 1579 3416; x_wconf 85' lang='lat' dir='ltr'><strong><em>hee</em></strong></span> 
     </span>
     <span class='ocr_line' id='line_1_30' title="bbox 401 3438 1578 3541; baseline -0.001 -20"><span class='ocrx_word' id='word_1_270' title='bbox 401 3453 571 3525; x_wconf 82' lang='lat' dir='ltr'><strong>Gisoooois</strong></span> <span class='ocrx_word' id='word_1_271' title='bbox 592 3454 856 3540; x_wconf 78' lang='lat' dir='ltr'><strong>reprehensione.</strong></span> <span class='ocrx_word' id='word_1_272' title='bbox 891 3454 984 3530; x_wconf 87' lang='grc' dir='ltr'><strong><em>Πῶς</em></strong></span> <span class='ocrx_word' id='word_1_273' title='bbox 1006 3438 1076 3520; x_wconf 83' lang='lat'><strong><em>066</em></strong></span> <span class='ocrx_word' id='word_1_274' title='bbox 1098 3439 1139 3520; x_wconf 79' lang='grc' dir='ltr'><strong><em>εὖ</em></strong></span> <span class='ocrx_word' id='word_1_275' title='bbox 1163 3453 1245 3541; x_wconf 84' lang='grc' dir='ltr'><strong><em>ἔχει</em></strong></span> <span class='ocrx_word' id='word_1_276' title='bbox 1267 3444 1466 3539; x_wconf 78' lang='grc' dir='ltr'><strong><em>λέγειν,“’</em></strong></span> <span class='ocrx_word' id='word_1_277' title='bbox 1445 3479 1515 3522; x_wconf 88' lang='grc' dir='ltr'><strong><em>οτι</em></strong></span> <span class='ocrx_word' id='word_1_278' title='bbox 1536 3450 1578 3521; x_wconf 89' lang='lat'><strong><em>06</em></strong></span> 
     </span>
     <span class='ocr_line' id='line_1_31' title="bbox 400 3550 1579 3684; baseline -0.002 -58"><span class='ocrx_word' id='word_1_279' title='bbox 400 3553 612 3684; x_wconf 89' lang='grc' dir='ltr'><strong><em>πρότερον</em></strong></span> <span class='ocrx_word' id='word_1_280' title='bbox 645 3557 781 3623; x_wconf 80' lang='grc' dir='ltr'><strong><em>κακῶν</em></strong></span> <span class='ocrx_word' id='word_1_281' title='bbox 811 3550 1048 3623; x_wconf 80' lang='grc' dir='ltr'><strong><em>παύσονται</em></strong></span> <span class='ocrx_word' id='word_1_282' title='bbox 1076 3560 1117 3622; x_wconf 87' lang='lat'><strong><em>66</em></strong></span> <span class='ocrx_word' id='word_1_283' title='bbox 1145 3553 1305 3636; x_wconf 88' lang='grc' dir='ltr'><strong><em>πόλεις,</em></strong></span> <span class='ocrx_word' id='word_1_284' title='bbox 1338 3563 1438 3648; x_wconf 83' lang='grc' dir='ltr'><strong><em>πρὶν</em></strong></span> <span class='ocrx_word' id='word_1_285' title='bbox 1464 3554 1515 3626; x_wconf 88' lang='lat'><strong><em>66</em></strong></span> <span class='ocrx_word' id='word_1_286' title='bbox 1543 3560 1579 3624; x_wconf 85' lang='grc' dir='ltr'><strong><em>έν</em></strong></span> 
     </span>
     <span class='ocr_line' id='line_1_32' title="bbox 400 3654 1578 3786; baseline -0.001 -58"><span class='ocrx_word' id='word_1_287' title='bbox 400 3657 552 3738; x_wconf 82' lang='grc' dir='ltr'><strong><em>αὐτοῖς</em></strong></span> <span class='ocrx_word' id='word_1_288' title='bbox 575 3663 612 3726; x_wconf 86' lang='lat'><strong><em>06</em></strong></span> <span class='ocrx_word' id='word_1_289' title='bbox 633 3654 881 3786; x_wconf 78' lang='grc' dir='ltr'><strong><em>φιλόσοφρι</em></strong></span> <span class='ocrx_word' id='word_1_290' title='bbox 901 3655 1097 3749; x_wconf 74' lang='grc' dir='ltr'><strong><em>ἄρξωσιν,</em></strong></span> <span class='ocrx_word' id='word_1_291' title='bbox 1128 3654 1200 3738; x_wconf 80' lang='grc' dir='ltr'><strong><em>οίίς</em></strong></span> <span class='ocrx_word' id='word_1_292' title='bbox 1226 3655 1462 3751; x_wconf 88' lang='grc' dir='ltr'><strong><em>ἀχρήστους</em></strong></span> <span class='ocrx_word' id='word_1_293' title='bbox 1492 3657 1578 3747; x_wconf 88' lang='grc' dir='ltr'><strong><em>ὁμο·</em></strong></span> 
     </span>
     <span class='ocr_line' id='line_1_33' title="bbox 402 3758 1578 3851; baseline 0 -21"><span class='ocrx_word' id='word_1_294' title='bbox 402 3765 607 3849; x_wconf 83' lang='grc' dir='ltr'><strong><em>λοχοῦμεν</em></strong></span> <span class='ocrx_word' id='word_1_295' title='bbox 636 3758 786 3840; x_wconf 76' lang='grc' dir='ltr'><strong><em>αὐταῖς</em></strong></span> <span class='ocrx_word' id='word_1_296' title='bbox 815 3765 932 3834; x_wconf 83' lang='grc' dir='ltr'><strong><em>εἰναι.</em></strong></span> <span class='ocrx_word' id='word_1_297' title='bbox 975 3761 1023 3828; x_wconf 71' lang='lat' dir='ltr'><strong><em>Ad</em></strong></span> <span class='ocrx_word' id='word_1_298' title='bbox 1054 3762 1087 3830; x_wconf 88' lang='lat' dir='ltr'><strong><em>id</em></strong></span> <span class='ocrx_word' id='word_1_299' title='bbox 1118 3783 1199 3830; x_wconf 79' lang='lat' dir='ltr'><strong>vero</strong></span> <span class='ocrx_word' id='word_1_300' title='bbox 1231 3765 1318 3849; x_wconf 81' lang='lat' dir='ltr'><strong>qnod</strong></span> <span class='ocrx_word' id='word_1_301' title='bbox 1349 3766 1578 3851; x_wconf 75' lang='lat' dir='ltr'><strong>interrogatum</strong></span> 
     </span>
     <span class='ocr_line' id='line_1_34' title="bbox 403 3866 1577 3953; baseline 0.002 -21"><span class='ocrx_word' id='word_1_302' title='bbox 403 3875 480 3944; x_wconf 77' lang='lat' dir='ltr'><strong>eret,</strong></span> <span class='ocrx_word' id='word_1_303' title='bbox 503 3866 614 3934; x_wconf 79' lang='lat' dir='ltr'><strong>fierine</strong></span> <span class='ocrx_word' id='word_1_304' title='bbox 636 3868 748 3952; x_wconf 67' lang='lat' dir='ltr'><strong>possit,</strong></span> <span class='ocrx_word' id='word_1_305' title='bbox 771 3874 807 3932; x_wconf 80' lang='lat' dir='ltr'><strong><em>ui</em></strong></span> <span class='ocrx_word' id='word_1_306' title='bbox 828 3866 1008 3953; x_wconf 84' lang='lat' dir='ltr'><strong>philosophi</strong></span> <span class='ocrx_word' id='word_1_307' title='bbox 1029 3866 1122 3934; x_wconf 86' lang='lat' dir='ltr'><strong>simol</strong></span> <span class='ocrx_word' id='word_1_308' title='bbox 1138 3874 1405 3935; x_wconf 63' lang='grc' dir='ltr'><strong><em>τεταρταίοισιν</em></strong></span> <span class='ocrx_word' id='word_1_309' title='bbox 1420 3869 1577 3952; x_wconf 73' lang='lat' dir='ltr'><strong>cognitam</strong></span> 
     </span>
     <span class='ocr_line' id='line_1_35' title="bbox 402 3968 1578 4058; baseline 0.002 -22"><span class='ocrx_word' id='word_1_310' title='bbox 402 3973 539 4036; x_wconf 78' lang='lat' dir='ltr'><strong>habeant</strong></span> <span class='ocrx_word' id='word_1_311' title='bbox 565 3991 707 4056; x_wconf 74' lang='lat' dir='ltr'><strong>vereque</strong></span> <span class='ocrx_word' id='word_1_312' title='bbox 736 3969 868 4056; x_wconf 76' lang='lat' dir='ltr'><strong>seientia</strong></span> <span class='ocrx_word' id='word_1_313' title='bbox 894 3968 1030 4056; x_wconf 79' lang='lat' dir='ltr'><strong>praediti</strong></span> <span class='ocrx_word' id='word_1_314' title='bbox 1051 3975 1128 4049; x_wconf 81' lang='lat' dir='ltr'><strong>sint,</strong></span> <span class='ocrx_word' id='word_1_315' title='bbox 1159 3969 1252 4038; x_wconf 85' lang='lat' dir='ltr'><strong>simul</strong></span> <span class='ocrx_word' id='word_1_316' title='bbox 1272 3980 1378 4038; x_wconf 78' lang='lat' dir='ltr'><strong>tamen</strong></span> <span class='ocrx_word' id='word_1_317' title='bbox 1398 3991 1460 4038; x_wconf 87' lang='lat' dir='ltr'><strong><em>ooo</em></strong></span> <span class='ocrx_word' id='word_1_318' title='bbox 1481 3993 1578 4058; x_wconf 84' lang='lat' dir='ltr'><strong>expe-</strong></span> 
     </span>
     <span class='ocr_line' id='line_1_36' title="bbox 401 4072 1578 4164; baseline 0.003 -24"><span class='ocrx_word' id='word_1_319' title='bbox 401 4073 516 4140; x_wconf 74' lang='lat' dir='ltr'><strong>rientia</strong></span> <span class='ocrx_word' id='word_1_320' title='bbox 537 4095 598 4141; x_wconf 85' lang='lat' dir='ltr'><strong><em>nee</em></strong></span> <span class='ocrx_word' id='word_1_321' title='bbox 623 4073 753 4160; x_wconf 83' lang='lat' dir='ltr'><strong>reliquis</strong></span> <span class='ocrx_word' id='word_1_322' title='bbox 782 4072 950 4144; x_wconf 78' lang='lat' dir='ltr'><strong>virtutibus</strong></span> <span class='ocrx_word' id='word_1_323' title='bbox 980 4079 1094 4144; x_wconf 82' lang='lat' dir='ltr'><strong>oeteris</strong></span> <span class='ocrx_word' id='word_1_324' title='bbox 1121 4073 1247 4151; x_wconf 86' lang='lat' dir='ltr'><strong>cedant,</strong></span> <span class='ocrx_word' id='word_1_325' title='bbox 1277 4109 1320 4126; x_wconf 90' lang='grc'><strong>-</strong></span> <span class='ocrx_word' id='word_1_326' title='bbox 1349 4091 1446 4163; x_wconf 87' lang='lat' dir='ltr'><strong>qoem</strong></span> <span class='ocrx_word' id='word_1_327' title='bbox 1475 4075 1578 4164; x_wconf 86' lang='lat' dir='ltr'><strong>ipsum</strong></span> 
     </span>
     <span class='ocr_line' id='line_1_37' title="bbox 399 4176 1578 4278; baseline 0.002 -33"><span class='ocrx_word' id='word_1_328' title='bbox 399 4197 585 4245; x_wconf 80' lang='lat' dir='ltr'><strong>sermonem</strong></span> <span class='ocrx_word' id='word_1_329' title='bbox 617 4199 675 4246; x_wconf 87' lang='lat' dir='ltr'><strong><em>nos</em></strong></span> <span class='ocrx_word' id='word_1_330' title='bbox 707 4176 756 4243; x_wconf 83' lang='lat' dir='ltr'><strong><em>ab</em></strong></span> <span class='ocrx_word' id='word_1_331' title='bbox 777 4197 815 4244; x_wconf 83' lang='lat' dir='ltr'><strong><em>ee</em></strong></span> <span class='ocrx_word' id='word_1_332' title='bbox 842 4177 1052 4278; x_wconf 75' lang='lat' dir='ltr'><strong>disputatione</strong></span> <span class='ocrx_word' id='word_1_333' title='bbox 1082 4199 1163 4264; x_wconf 81' lang='lat' dir='ltr'><strong>quae</strong></span> <span class='ocrx_word' id='word_1_334' title='bbox 1191 4177 1371 4248; x_wconf 68' lang='lat' dir='ltr'><strong>iniustitia</strong></span> <span class='ocrx_word' id='word_1_335' title='bbox 1399 4188 1578 4250; x_wconf 77' lang='lat' dir='ltr'><strong>versaretur</strong></span> 
     </span>
    </p>
   </div>
   <div class='ocr_carea' id='block_1_3' title="bbox 402 4267 1577 4365">
    <p class='ocr_par' dir='ltr' id='par_1_3' title="bbox 402 4267 1577 4365">
     <span class='ocr_line' id='line_1_38' title="bbox 402 4267 1577 4365; baseline 0.003 -17"><span class='ocrx_word' id='word_1_336' title='bbox 402 4281 540 4356; x_wconf 79' lang='lat' dir='ltr'><strong>alienum</strong></span> <span class='ocrx_word' id='word_1_337' title='bbox 563 4299 632 4349; x_wconf 85' lang='lat' dir='ltr'><strong>esse</strong></span> <span class='ocrx_word' id='word_1_338' title='bbox 654 4281 718 4350; x_wconf 79' lang='lat' dir='ltr'><strong><em>iem</em></strong></span> <span class='ocrx_word' id='word_1_339' title='bbox 738 4267 833 4356; x_wconf 71' lang='grc' dir='ltr'><strong><em>σολον</em></strong></span> <span class='ocrx_word' id='word_1_340' title='bbox 851 4272 1033 4362; x_wconf 78' lang='lat' dir='ltr'><strong>docuimus,</strong></span> <span class='ocrx_word' id='word_1_341' title='bbox 1053 4318 1095 4337; x_wconf 88' lang='lat'><em>-</em></span> <span class='ocrx_word' id='word_1_342' title='bbox 1115 4285 1195 4352; x_wconf 81' lang='lat' dir='ltr'><strong>haee</strong></span> <span class='ocrx_word' id='word_1_343' title='bbox 1214 4287 1391 4358; x_wconf 77' lang='lat' dir='ltr'><strong>necessario</strong></span> <span class='ocrx_word' id='word_1_344' title='bbox 1410 4305 1476 4353; x_wconf 82' lang='lat' dir='ltr'><strong><em>ooo</em></strong></span> <span class='ocrx_word' id='word_1_345' title='bbox 1497 4292 1577 4365; x_wconf 76' lang='lat' dir='ltr'><strong>suoi,</strong></span> 
     </span>
    </p>
   </div>
   <div class='ocr_carea' id='block_1_4' title="bbox 0 0 1658 5232">
    <p class='ocr_par' dir='ltr' id='par_1_4' title="bbox 0 0 1658 5232">
     <span class='ocr_line' id='line_1_39' title="bbox 0 0 1658 5232; baseline 0 0"><span class='ocrx_word' id='word_1_346' title='bbox 0 0 1658 5232; x_wconf 95' lang='lat' dir='ltr'><strong><em> </em></strong></span> 
     </span>
    </p>
   </div>
  </div>
 </body>
</html>
