3296 5232
592 407 822 470 ..325-

118 567 234 630 verba:
259 567 315 630 xci
336 561 448 655 φῶμεν
469 557 574 640 αὐτὰς
595 563 772 653 τραγικῶς,
800 557 844 640 ὡς
863 558 948 651 πρὸς
967 564 1091 641 παῖδας
1111 557 1201 647 ἡμᾶς
1221 587 1298 628 παι-

116 663 241 749 ζούσας
263 671 319 732 καὶ
341 660 595 755 ἐρεσχηλούσας,
619 660 664 744 ὡς
683 661 724 752 δὴ
750 665 876 759 σπουδῇ
890 659 1052 750 λεγούσας
1069 661 1300 755 ὑψηλολογου-

115 773 220 857 μένας
242 771 365 854 λέγειν,·
387 772 458 834 Νοο
480 768 617 835 absimili
637 771 760 834 ratione
782 771 807 836 I.
829 770 865 834 Ρ.
888 770 1054 836 Richterus
1079 771 1113 833 in
1135 771 1296 854 Hespero:

117 871 159 938 da
189 872 251 938 wir
281 879 387 936 setzcn
420 870 550 946 diirfen,
583 876 654 936 dass
687 875 744 938 das
771 870 1121 956 blenscbengescblecbt
1150 891 1187 936 so
1216 870 1299 936 viele

10 1001 11 1036 1
115 978 347 1041 Jahrtausende
379 974 470 1048 lebc,
503 977 550 1038 als
587 973 646 1038 der
682 973 810 1040 Menscb
842 977 947 1038 Jabre.
1000 972 1154 1038 Videntur
1187 971 1300 1039 eodem

10 1103 12 1122 ν
116 1082 274 1143 trahenda
294 1097 364 1142 esse
386 1081 481 1142 baec:
506 1072 546 1142 οὐ
566 1071 670 1163 μόνον
691 1081 811 1167 φυτοῖς
832 1077 969 1162 ἐγγείοις
990 1072 1078 1144 ἄλλα
1099 1081 1153 1142 καὶ
1177 1075 1211 1144 ἐν
1232 1077 1301 1142 ἐπι·

10 1187 11 1190 ’
116 1181 219 1266 γείοις
239 1175 335 1261 ζώοις
357 1175 448 1272 φορὰ
464 1183 519 1246 καὶ
535 1173 663 1271 ἀφορία
686 1180 797 1272 ψυχῆς
819 1203 853 1245 τε
873 1184 928 1245 καὶ
944 1175 1104 1267 σωμάτων
1117 1178 1300 1263 γίγνονται,

118 1275 201 1349 ὅταν
222 1287 418 1368 περιτροπαὶ
440 1277 591 1360 ἑκάστοις
620 1277 745 1349 κύκλων
772 1278 958 1374 περιφορὰς
986 1276 1187 1362 ξυνοίπτιυσι,
1216 1282 1301 1366 βρα-

12 1411 14 1422 ’
113 1385 246 1474 χυβίοις
264 1391 326 1472 μὲν
346 1379 594 1473 βραχυπόρους,
623 1386 782 1463 ἐναντίοις
811 1388 847 1450 δὲ
869 1384 1028 1463 ἐναντίας.
1072 1383 1119 1448 Cf.
1143 1383 1195 1452 lib.
1218 1385 1300 1448 VIII.

11 1519 13 1532 =
117 1511 151 1572 p.
175 1489 247 1552 ato.
274 1489 317 1552 St.
361 1490 499 1552 Alteram
528 1489 745 1562 harmoniam,
768 1509 792 1554 s.
814 1487 976 1553 civitatum
1006 1487 1159 1553 malarum
1185 1487 1300 1552 seriem

9 1671 10 1682 ρ
118 1595 204 1655 7500
233 1610 332 1654 annos
361 1589 477 1654 durare
503 1589 591 1654 Plato
619 1591 747 1656 iudicat.
795 1590 850 1654 Est
877 1589 929 1654 bic
961 1611 1088 1674 quoque
1117 1591 1301 1655 arbitrarius

12 1701 18 1762 l
118 1714 284 1768 numerus,
313 1689 367 1756 sed
395 1695 585 1757 conveniens
614 1692 722 1777 priori.
765 1697 844 1756 Nam
878 1692 903 1756 si
933 1693 1108 1758 normalem
1143 1692 1299 1766 bominis,

117 1799 150 1861 in
173 1794 313 1879 perfecta
341 1795 466 1859 civitate
489 1795 638 1873 viventis,
667 1803 800 1859 aetatem
815 1803 941 1860 centum
964 1817 1063 1860 annos
1078 1815 1147 1859 esse
1170 1804 1299 1870 statuas,

118 1900 315 1984 septuaginta
338 1901 476 1984 quinque
504 1918 603 1962 annos
630 1897 750 1963 tribuas
777 1896 958 1964 bominibus
980 1901 1013 1962 in
1035 1898 1234 1974 civitatibus,
1267 1908 1301 1962 ut

8 2059 9 2068 ,
119 2005 308 2088 plerumque
333 2012 421 2077 sunt,
445 1999 542 2066 vitam
563 1999 766 2086 degentibus,
795 2001 823 2065 si
848 2000 937 2065 alteri
965 2001 1147 2065 harmoniae
1173 2021 1198 2065 s.
1222 2003 1299 2065 civi-

120 2106 177 2169 tati
203 2107 307 2169 bonae
331 2107 449 2178 10,ooo
470 2124 569 2168 annos
601 2106 757 2187 assignes,
787 2112 854 2169 tum
876 2111 960 2168 recte
990 2087 1199 2168 7500⁴annos
1226 2101 1302 2166 civi-

120 2214 220 2271 tatum
246 2209 488 2290 depravatorum
517 2209 613 2272 seriei
646 2207 829 2292 assignabis.
876 2208 937 2271 Sed
964 2204 1179 2290 expendamus
1205 2203 1302 2270 verba

8 2357 9 2388 1
123 2308 263 2392 singula,
296 2307 329 2373 in
360 2307 476 2396 quibus
513 2309 708 2394 explicandis
742 2319 835 2374 antea
869 2309 1057 2374 erravimus.
1105 2309 1301 2372 Diametrum

121 2409 251 2476 alicuius
276 2413 402 2478 numeri
429 2411 640 2477 Schneiderus
669 2433 742 2477 eum
773 2433 940 2477 numerum
966 2413 1028 2475 dici
1054 2413 1180 2485 docuit,
1212 2413 1301 2474 cuius

7 2501 16 2554 ¹⁸
119 2517 292 2598 quadratus
318 2514 434 2598 duplex
455 2514 496 2579 sit
520 2514 665 2600 quadrati
690 2517 770 2579 alius
792 2513 925 2580 numeri.
971 2515 1019 2578 Cf.
1044 2511 1145 2599 praef.
1170 2515 1210 2576 ad
1235 2511 1298 2576 vol.

120 2618 176 2679 III.
206 2638 239 2699 p.
271 2618 385 2681 XXVI.
436 2619 524 2682 Idem
559 2615 693 2682 addidita
732 2617 909 2694 »Quoniam
945 2616 1048 2681 nullus
1083 2617 1123 2680 sit
1151 2636 1302 2682 numerus

120 2717 308 2802 quadratus,
331 2718 384 2803 qui
410 2718 530 2802 duplex
550 2719 591 2784 sit
611 2720 758 2804 quadrati
779 2719 875 2799 alius,
905 2719 1053 2785 diametri
1073 2739 1190 2788 nomen
1205 2717 1302 2783 aritb·

121 2821 255 2886 metiens
281 2820 321 2886 iis
348 2823 490 2887 numeris
521 2820 691 2898 indidisse,
728 2843 864 2907 quorum
894 2823 1037 2908 quadrati
1068 2843 1132 2887 non
1166 2821 1302 2904 amplius

119 2927 255 2989 monade
288 2923 451 2990 differrent
472 2945 492 2988 a
511 2925 676 3010 duplicatis
708 2925 881 3010 quadratis.
925 2927 972 2988 Ita
998 2927 1214 3007 septenarium,
1236 2926 1303 2989 dio-

9 3063 12 3072 ·
119 3037 247 3090 acetrum
268 3030 406 3110 quinarii
426 3029 571 3110 affabilem
592 3049 686 3092 esses
730 3030 831 3093 Porro
846 3023 1019 3117 ἀριθμοὺς
1037 3023 1103 3092 ἀπὸ
1119 3029 1302 3114 διαμέτρων

120 3129 181 3194 diei
206 3139 328 3196 constat
350 3151 500 3195 numeros
526 3133 566 3194 ab
594 3129 665 3216 ipso
694 3131 851 3196 diametro
876 3132 1053 3214 profectos,
1081 3129 1111 3194 b.
1129 3149 1158 3195 e.
1183 3128 1302 3194 diame-

120 3241 243 3298 trorum
275 3237 454 3317 quadratcs.
500 3233 710 3299 Schneiderus
737 3242 773 3298 ut
802 3235 837 3297 id
865 3236 1016 3318 probaret
1045 3237 1129 3298 hunc
1158 3234 1303 3296 Menonis

122 3334 226 3401 locum
255 3334 376 3399 attulit:
404 3332 470 3401 ἀπὸ
501 3337 559 3416 τῆς
586 3337 764 3414 διπλασίας
786 3331 824 3402 οὗ
854 3331 1045 3414 διπλάσιον,
1073 3331 1159 3401 ἀλλὰ
1188 3357 1303 3423 τετρα-

7 3425 20 3514 ’,
119 3433 262 3502 πλαίσιον
283 3439 426 3521 γίγνεται
446 3440 576 3527 χωρίον.
611 3439 658 3504 Cf.
680 3461 712 3522 p.
737 3442 797 3515 83,
816 3441 852 3503 Β.
875 3440 921 3502 St.
952 3433 1118 3526 Ἀριθμοὶ
1141 3433 1208 3502 ἀπὸ
1230 3439 1303 3502 δια-

10 3522 20 3596 ί
125 3543 251 3625 μέτρων
272 3539 380 3623 ῥητῶν
401 3535 572 3625 πεμπάδος
592 3538 740 3627 δεόμενοι
762 3538 834 3618 ἑνὸς
855 3543 988 3606 ἕκαστοι
1011 3548 1084 3605 sunt
1099 3538 1197 3624 igitur
1212 3541 1304 3602 unde·

10 3635 11 3638 ’
123 3644 389 3725 quinquagenarii,
413 3642 527 3728 quibus
547 3645 677 3729 singulis
704 3666 800 3710 unum
830 3643 934 3717 deest,
960 3646 991 3706 h.
1013 3665 1040 3712 e.
1062 3644 1304 3725 duodequinqua-

18 3791 19 3802 ,
122 3747 257 3824 pecarii,
279 3755 314 3808 ut
336 3754 423 3811 recte
444 3745 522 3812 vidit
544 3751 764 3813 Schneiderus.
811 3746 858 3810 of.
880 3749 902 3811 l.
920 3746 941 3809 l.
968 3767 1000 3829 p.
1021 3747 1195 3810 LXXXXI.
1219 3749 1304 3810 alam

121 3865 218 3928 quum
236 3845 389 3913 dlameter
413 3847 551 3914 effabilis
577 3852 714 3933 quinarii
733 3852 930 3935 septenarIus
945 3853 1002 3924 sit,
1029 3847 1119 3914 cuius
1134 3853 1304 3932 quadratus

121 3951 493 4035 undequinquagenarius
521 3962 584 4026 est,
610 3973 866 4037 unumquemque
894 3962 1018 4017 centum
1042 3951 1170 4016 illorum
1196 3970 1304 4015 nume·

16 4034 25 4058 '⁷
118 4071 252 4126 rorum,
275 4052 393 4137 qnippe
424 4055 475 4120 cui
490 4075 601 4120 monas
623 4059 663 4119 ad
686 4058 873 4141 quadratum
890 4058 1001 4120 deesse
1025 4057 1161 4129 dicatur,
1185 4055 1305 4118 duode-

18 4207 28 4257 p
120 4155 427 4239 quinquagenarium
455 4179 525 4222 esse
555 4161 790 4242 consequimur
845 4157 959 4222 Verbis
985 4153 1137 4249 ἆρ’ῥιίτων
1159 4159 1195 4222 δὲ
1217 4159 1305 4222 δυεῖν

7 4235 22 4350 ’,
124 4259 262 4320 eandem
291 4277 359 4321 rem
392 4259 562 4342 significari
591 4263 794 4326 Hermannus
825 4260 987 4329 intellexit.
1043 4260 1090 4326 of.
1122 4260 1142 4325 l.
1160 4259 1182 4324 l.
1208 4279 1240 4345 p.
1254 4261 1306 4327 vl.
