3296 5232
100 521 311 592 cumvirnm
322 544 409 612 cum
414 525 590 611 tyrannica
604 523 729 592 civitate
756 533 929 610 comparat
973 525 1062 592 Haec
1082 524 1280 613 comparutin

97 645 180 694 vern
201 647 296 748 caepe
317 647 510 716 magnopere
536 627 702 698 claudicat.
746 628 839 694 Dicit
856 630 958 698 enim:
992 624 1039 696 Εἰ
1064 614 1157 709 oria„
1171 619 1281 711 εἶπον,

97 722 218 818 ὅμοιος
238 727 321 822 ἀνὴρ
343 757 381 826 τῃ
366 728 506 813 πόλει,
528 727 566 800 οὐ
589 737 644 798 καὶ
666 733 700 798 ἐν
720 732 828 824 ἐκείνῳ
850 727 976 819 ἀνάγκη
994 730 1054 814 τὴν
1069 728 1183 815 αὐτὴν
1186 727 1295 816 τάξιν

97 836 237 915 iudana,
269 839 323 904 καὶ
346 837 475 956 μολλῆς
502 841 563 922 μὲν
591 835 741 914 δουλείας
769 861 803 902 τι
830 841 887 902 καὶ
915 831 1151 922 ἀνολινθερίας
1172 840 1282 956 γέμειν

97 935 162 1022 τὴν
181 937 295 1032 ψυχὴν
315 933 436 1016 αὐτοῦ,
465 943 521 1006 cat
547 939 653 1006 ταῦτα
682 934 784 1022 αὐτῆς
814 935 855 1006 τὰ
880 942 963 1059 pipp
986 933 1170 1022 δουλεύειν,
1199 931 1283 1032 ἅπερ

63 1092 65 1096 ·
96 1028 142 1124 ἦν
164 1042 400 1122 ἐπιεικέστατα,
423 1038 563 1131 σμικρὸν
581 1045 618 1109 dd
640 1047 696 1109 καὶ
718 1039 758 1108 τὸ
778 1037 1040 1131 μοχθηρότατον
1062 1047 1118 1112 καὶ
1138 1038 1283 1130 μονικώα

97 1169 204 1214 τουτον
225 1139 400 1228 δεσπόζειν.
427 1165 459 1232 p.
485 1147 566 1223 577,
595 1149 634 1212 D.
656 1149 700 1212 st
743 1148 779 1213 ld
805 1167 884 1212 vern
906 1153 971 1214 tam
991 1168 1105 1233 parum
1126 1151 1285 1234 quadrat„

96 1257 136 1314 ut
157 1251 225 1335 ipae
246 1248 337 1314 Plato
358 1248 450 1335 plana
472 1249 667 1316 contrarium
688 1253 809 1320 docent.
840 1249 881 1316 cf.
904 1249 960 1316 lib.
983 1253 1047 1344 lx,
1074 1273 1108 1335 p.
1133 1253 1214 1328 588,
1242 1255 1282 1319 Ι).

99 1357 147 1420 st
190 1350 240 1420 Ibi
260 1352 344 1420 eninr
366 1351 405 1422 dc
428 1353 652 1438 cupiditatibus
674 1354 735 1420 et
726 1377 775 1422 rra
796 1374 977 1422 sermonem
997 1353 1126 1431 facient,
1149 1353 1211 1420 et
1201 1373 1282 1421 rmn-

98 1458 176 1541 giue
196 1455 260 1523 ficti
281 1455 444 1528 cuiusdam
465 1457 608 1524 animalis
630 1461 765 1540 docens,
796 1479 878 1544 quae
905 1457 990 1524 inter
1017 1457 1104 1542 ipsas
1126 1465 1159 1524 et
1180 1452 1280 1547 λόγου

97 1559 183 1626 ratio
209 1561 400 1640 intercedat,
430 1557 515 1628 πολὺ
547 1563 582 1628 δὲ
568 1564 764 1648 ὲμέγιοτον
794 1562 893 1641 ὲοτω,
925 1563 1045 1647 inquit,
1080 1556 1119 1626 τὸ
1140 1562 1282 1650 πρῶτον,

100 1663 317 1748 (cupiditates)
346 1669 402 1730 καὶ
429 1659 579 1752 δεύτερον
602 1661 640 1730 τὸ
662 1661 825 1783 δεύτερον.
859 1662 1017 1750 (ira).-
1040 1662 1164 1730 Eodem
1185 1669 1282 1730 mado

99 1787 137 1834 ae
157 1787 209 1834 res
230 1766 358 1834 habet
348 1790 382 1833 ιιι
402 1771 470 1834 hia.
505 1761 676 1834 Οὐκοῦν
659 1793 679 1849 η
707 1792 743 1853 yn
771 1753 813 1834 οὗ
837 1763 940 1850 δούλη
962 1771 1018 1834 καὶ
1038 1771 1284 1859 τυραννουμένη

98 1861 239 1948 πόλις“
218 1894 337 1952 ηκιστα
359 1875 450 1938 ποιοῖ
466 1863 489 1935 ἃ
484 1863 687 1955 fluctuem,-
709 1865 804 1940 Πολύ
826 1896 873 1956 γε.
917 1864 1022 1937 Kat‘
1003 1897 1024 1952 η
1040 1873 1285 1958 τυραννουμένη

99 1970 171 2061 ἄρα
191 1971 284 2062 ψυχὴ
305 1964 427 2055 ἥκιστα
453 1967 585 2054 πονήσει
607 1967 631 2039 ὅτ’
653 1969 694 2040 ἂν
715 1975 890 2068 βουληθῇ,
921 1999 954 2040 κ.
978 1999 1007 2041 τ.
1028 1975 1056 2040 ἑ.
1078 1994 1110 2062 p.
1133 1976 1270 2051 amn
1274 2021 1284 2040 .

99 2081 139 2142 In
168 2075 217 2144 hia
252 2077 346 2162 piane
377 2079 540 2143 diversam·
560 2077 716 2144 rationem
745 2076 891 2144 obtinere
920 2076 1023 2164 quivis
1051 2084 1164 2164 sponte
1186 2077 1283 2144 videt.

99 2183 138 2246 In
160 2183 320 2265 tyrannica
343 2180 426 2248 enim
450 2180 576 2246 civitate
595 2179 714 2247 subditi
728 2183 914 2248 necessitate
927 2179 1029 2246 coacti
1042 2189 1166 2265 parcnt,
1188 2181 1283 2265 plana

101 2284 296 2352 aliter.varo
319 2305 354 2350 ae
374 2305 427 2350 res
449 2283 545 2350 habet
567 2305 639 2350 cum
652 2287 776 2352 ratione
790 2285 973 2352 inhominis
988 2284 1106 2351 animo.
1129 2319 1172 2334 -
1193 2287 1283 2352 idam

100 2387 186 2454 vaiet
207 2386 247 2454 de
266 2387 334 2454 hia:
366 2389 609 2466 Πλοοοίανδὲ,
583 2383 853 2473 ὲῆττενομένην
874 2382 1001 2473 ἀνάγκη
1025 2384 1083 2470 τὴν
1103 2412 1284 2474 τυραννον-

95 2507 161 2578 μοι
162 2514 201 2573 ην
231 2485 328 2559 πόλιν
358 2481 460 2574 εἶναις
492 2493 692 2610 Πτνομένην.
742 2491 814 2556 Καὶ
845 2487 957 2582 ψυχὴν
991 2486 1064 2612 ἄρα
1087 2487 1284 2583 τυραννικὴν

99 2591 257 2683 πενιχρὰν
272 2620 327 2661 και
317 2588 549 2677 ἄπληστον’
529 2588 666 2679 ανάγκη
663 2588 722 2660 dat
738 2583 832 2662 εἶναι.
859 2585 980 2676 Οὕτως,
1002 2579 1116 2676 ²³2³*
1096 2617 1188 2679 cap
1206 2600 1280 2673 577,

99 2703 138 2765 Ε.
174 2702 262 2767 itam
290 2698 338 2764 ibi
368 2697 407 2764 de
435 2718 511 2764 vera
538 2699 648 2782 inopia
675 2717 780 2764 sermo
810 2704 874 2772 est,
909 2696 961 2764 hic
990 2697 1067 2766 de
1057 2699 1166 2783 mnpia
1182 2718 1283 2765 aaran
1348 2688 1350 2692 ’

100 2802 263 2868 beatitatis
294 2809 328 2867 ct
357 2805 398 2867 de
419 2800 612 2869 inexhausta
643 2799 848 2888 cupiditatum
870 2801 931 2872 citi.
960 2833 1003 2852 ω·
1036 2801 1076 2869 Τι’
1106 2805 1142 2869 dd
1171 2797 1283 2894 φόβον
1359 2795 1361 2799 ’

100 2910 210 2993 γέμειν
233 2892 283 2992 ἆρ’
309 2900 376 2973 οὐκ.
390 2901 523 2991 ἀνάγκη
539 2901 598 2986 τήν
624 2930 660 2990 γε
687 2899 844 2986 τοιαύτην
871 2901 968 2972 πόλιν
995 2899 1053 2974 τόν
1075 2931 1109 2973 τε
1131 2907 1284 2982 τοιοῦτον

101 3006 228 3098 ἅνδροι
250 3004 366 3090 Πολλὴ
390 3033 435 3094 με.
457 3031 489 3092 p,
512 3013 584 3074 578.
628 3012 664 3082 ln
686 3007 801 3094 quibus
823 3030 875 3076 raa
897 3031 962 3074 nnn
982 3007 1107 3076 facilius
1128 3009 1280 3094 procedit,

101 3129 201 3199 qurum
223 3112 332 3178 civitas
354 3111 508 3198 tyranni
499 3112 634 3198 imperio
655 3133 772 3197 parens
792 3134 812 3177 a
832 3121 966 3198 tyranno
980 3120 1107 3187 metuat,
1130 3120 1281 3198 tyrannua

102 3235 183 3284 vern
215 3216 284 3302 ipse
310 3215 402 3282 alins.
446 3218 493 3280 lte
521 3215 610 3282 Plato
639 3214 783 3302 proiecto
811 3223 973 3282 erreturua
1001 3234 1067 3310 non
1094 3214 1222 3300 fuisset,
1256 3219 1284 3283 ai

101 3319 288 3386 iamstitieru
308 3319 361 3384 hic
382 3340 459 3386 vere
480 3326 662 3404 quaereret,
686 3339 749 3387 nnn
773 3317 902 3387 doceret
923 3338 994 3386 ease
1012 3317 1092 3386 hanc
1111 3319 1281 3398 civitatem,

102 3425 226 3509 tyranni
255 3421 389 3508 imperio
416 3430 597 3506 parentem,
628 3424 718 3506 quasi
739 3422 909 3508 imaginem
929 3425 1091 3509 quandem
1111 3423 1282 3490 iniustitiae

103 3548 145 3592 ex
170 3526 225 3620 illa
248 3545 441 3612 expressam.
488 3527 593 3604 Quum
621 3527 664 3590 ita
692 3528 802 3591 eadem
833 3527 867 3592 in
894 3526 1037 3612 utrisque
1066 3526 1143 3593 vitia
1171 3525 1283 3614 depie-

101 3629 278 3704 hendisset‚
307 3629 515 3694 miserrimam
543 3628 705 3696 civitatum
733 3628 930 3715 tyrannidem
956 3632 1086 3708 iudicat,
1115 3629 1177 3696 hnc
1197 3630 1281 3697 iudi-

103 3737 189 3800 cium
216 3731 257 3800 ad
284 3735 481 3820 tyrannicum
510 3732 615 3799 virum
636 3731 848 3809 transferens,
884 3736 1047 3826 tyrannico
1076 3743 1182 3800 autem
1209 3735 1279 3802 viro

104 3836 198 3904 etiam
221 3836 419 3902 miseriorem
440 3857 513 3902 cum
535 3835 663 3912 iudicat,
684 3835 740 3920 qni
761 3839 922 3922 tyrannica
943 3838 1039 3902 animi
1059 3837 1166 3904 indole
1187 3860 1281 3924 prae-

103 3941 187 4007 ditus
209 3939 342 4006 civitatis
363 3939 496 4006 alicuius
521 3939 732 4025 gubernacula
761 3948 877 4006 teneat.
923 3942 1012 4019 Quae
1041 3942 1147 4008 omnia
1176 3945 1279 4009 Platn·

103 4061 177 4110 nem
198 4043 244 4110 ita
266 4046 421 4110 dicturum
443 4066 506 4110 nnn
526 4042 624 4109 fuisse
638 4051 796 4127 putamus,
817 4044 880 4110 nisi
895 4043 1027 4111 civitatis
1041 4045 1092 4112 hic
1106 4051 1276 4133 praecipua

103 4148 277 4214 haberetur
302 4147 394 4212 ratic.
417 4181 458 4198 -
479 4152 546 4214 lam
567 4147 607 4213 de
630 4149 757 4212 miseria
777 4147 948 4234 tyrannici,
980 4152 1035 4235 qui
1064 4150 1198 4222 civitatis
1220 4149 1276 4215 alia

103 4254 194 4320 cuiue
210 4249 381 4342 imparium
401 4260 506 4318 teneat
526 4251 687 4336 disputare
707 4254 821 4342 pergit,
842 4260 986 4320 οοοιιτιῑο
1007 4256 1189 4322 describens
1203 4259 1267 4320 ter·
