3344 5234
586 391 796 454 ..35-

92 571 186 616 causa
212 547 334 616 institui
360 547 458 614 facile
475 545 566 618 nobis
588 551 853 630 persuadeamus:
882 544 916 614 id
945 548 1031 632 quod
1053 553 1145 614 secus
1164 552 1270 616 tamen

91 675 205 720 revera
227 651 391 728 sehabet,
417 675 488 718 cum
511 649 684 730 absurdum
706 651 762 726 sit,
792 658 856 715 tam
878 649 1006 734 longum
1028 649 1128 718 ordiri
1151 673 1272 720 sermo·

90 779 179 832 nem,
211 761 355 840 adeoquo
381 754 506 839 prolixe
534 759 574 820 de
602 752 767 838 republica
793 753 967 820 ordinanda
988 754 1164 835 disserere,
1194 777 1271 842 ape·

89 860 221 928 ricndae
243 859 394 934 iustitiae,
416 880 500 944 quae
522 856 723 932 brevioribus
745 866 849 941 potest
869 858 996 941 exponi,
1020 860 1130 945 gratia
1175 855 1270 938 Quod

88 965 189 1048 igitur
218 962 380 1048 quaeritur
408 966 448 1028 de
478 962 612 1035 iustitia,
640 961 765 1045 prologi
794 969 914 1028 tantum
936 961 1039 1028 iocum
1061 973 1182 1030 tenet.»
1222 963 1269 1032 Cf.

89 1067 294 1134 Tiedemaun.
322 1071 483 1151 Argumm.
509 1065 599 1134 Diali.
628 1065 718 1134 Platt.
746 1065 779 1130 in
806 1073 886 1130 extr.
918 1073 993 1130 tom.
1020 1089 1094 1152 opp.
1117 1069 1195 1135 Plata
1216 1073 1268 1136 ed.

87 1177 213 1255 Bipont.
236 1193 268 1254 p.
295 1172 365 1240 176,
387 1205 430 1218 —
451 1173 571 1235 Eorum
600 1190 681 1254 quae
709 1167 847 1234 diximus
875 1169 1041 1236 veritatem
1062 1171 1086 1236 ii
1106 1170 1169 1255 ipsi
1191 1195 1269 1239 cou-
1333 1217 1337 1227 ·

89 1275 204 1342 cedere
226 1283 394 1358 coguntur,
419 1272 474 1358 qui
495 1272 588 1368 aliam
607 1277 653 1340 de
672 1273 780 1355 operis
802 1271 863 1341 fiae
886 1283 918 1338 et
937 1273 1069 1340 consilio
1081 1275 1267 1346 sententiam

87 1383 227 1444 tuentur.
252 1379 298 1442 cf.
316 1383 543 1462 Morgenstern.
559 1384 775 1442 commentatt.
799 1385 862 1441 tres
880 1380 920 1442 de
930 1371 1072 1444 ‚Platonis
1084 1378 1268 1462 Republica.

88 1483 177 1548 Haiis
201 1485 275 1553 Sex.
300 1485 397 1556 wei,
420 1504 451 1566 p.
476 1485 552 1552 too.
575 1489 640 1546 not.
662 1485 720 1548 55:
756 1480 861 1546 «Illud
884 1502 903 1544 a
927 1483 1056 1547 Socrate
1077 1491 1203 1566 petunt,
1232 1491 1269 1550 ut
1320 1537 1322 1546 .

88 1587 126 1660 id,
151 1586 195 1652 de
219 1607 282 1672 quo
305 1585 409 1675 sensui
423 1607 481 1652 suo
497 1582 665 1659 confidunt,
688 1584 781 1652 certis
795 1582 971 1663 rationibus
987 1585 1118 1662 evincat,
1142 1609 1269 1654 eorum·-

90 1711 146 1776 que
169 1690 411 1774 persuasionem
433 1687 605 1754 firmiorem
628 1687 748 1752 reddat.
792 1687 831 1754 Id
845 1687 929 1771 quod
944 1693 989 1754 ita
1003 1691 1110 1756 iacere
1122 1693 1269 1760 Socrates

92 1803 242 1868 conatur,
271 1802 305 1858 ut
331 1792 391 1877 ipsi
414 1813 540 1877 quoquc
562 1791 625 1856 iam
646 1797 838 1873 persuasum,
856 1811 924 1856 esse
947 1791 986 1856 de
1007 1792 1091 1859 iilius
1112 1795 1160 1860 rei
1182 1799 1269 1862 veri-

89 1909 147 1966 tate
178 1919 310 1964 necesse
333 1897 393 1969 sit,
424 1906 489 1960 tum
509 1917 607 1978 quum
629 1896 789 1977 perfectae
802 1892 944 1959 civitatis
966 1895 1135 1979 imaginem
1157 1898 1268 1965 adum·

86 2003 180 2070 lirare
204 2002 332 2085 incipit,
363 1999 407 2067 sic
435 2000 678 2074 conformatam,
706 2007 741 2062 ut
769 1997 823 2062 ilia
850 1999 936 2064 notio
959 1997 999 2066 de
1020 1999 1116 2074 animi
1137 2005 1267 2070 humani

86 2107 223 2182 virtute,
253 2104 340 2178 cerni
367 2121 436 2170 eam
459 2106 598 2169 omnium
619 2101 736 2167 virium
758 2110 911 2168 concentu
932 2101 971 2168 nd
994 2107 1134 2186 Rationis
1155 2104 1268 2172 modos

86 2217 282 2292 temperato,
312 2226 406 2288 quam
436 2205 606 2271 clarissime
624 2204 760 2272 'elucere
788 2204 922 2287 possit.»
978 2202 1066 2294 Quae
1096 2228 1193 2292 quum
1222 2210 1268 2278 ita

86 2335 155 2380 esse
177 2311 302 2378 videret
322 2309 609 2392 Morgensternius,
632 2307 772 2374 iustitiae
792 2329 856 2374 nou
878 2307 1097 2386 inveniendae,
1120 2311 1175 2379 sed
1197 2313 1270 2379 illu-

85 2416 234 2484 strandae
256 2435 361 2488 causa,
383 2411 542 2479 civitatem
564 2413 736 2495 perfectam
759 2410 895 2477 describi
917 2413 1027 2480 voluit.
1050 2447 1091 2462 --
1113 2414 1268 2485 Stallbaua·

85 2524 167 2588 mius
190 2523 272 2584 adeo
292 2516 326 2588 id
347 2516 390 2598 ita
410 2537 497 2592 esse,
528 2514 801 2600 quemadmodum¹
815 2514 961 2593 dicimus,
984 2535 1187 2602 negarenon
1208 2542 1268 2602 po·

84 2630 161 2688 test:
198 2624 311 2686 «Hanc
340 2626 454 2688 autem.
472 2619 608 2686 iustitiae
636 2626 931 2704 consummataeque
958 2621 1083 2691 uirtutis
1104 2621 1267 2693 notionem

84 2745 267 2813 quanquam
289 2743 330 2790 ex
350 2723 447 2790 animi
469 2725 599 2790 humani
620 2732 732 2794 nature
752 2722 897 2805 repetiit3
921 2723 1012 2790 aliter
1024 2724 1108 2790 enim
1124 2747 1194 2791 eam
1210 2726 1265 2792 vix

82 2830 189 2915 potuit
210 2828 428 2910 investigareo'
448 2835 487 2897 ct.
512 2825 557 2891 Ci.
583 2825 762 2894 Staiibaum.
786 2825 809 2892 l.
833 2847 859 2891 c.
882 2847 916 2909 p,
937 2811 1082 2904 XXVIII.
1119 2832 1149 2894 ls
1169 2829 1266 2914 igitur

81 2948 192 3000 secum
222 2935 292 3015 ipse
319 2939 438 3015 pugnat
466 2929 541 2996 ibid.
564 2951 596 3013 p.
617 2934 681 3000 LV.
704 2929 748 2996 ita
769 2928 924 2996 scribens:
962 2937 1090 3016 «Atque
1112 2932 1171 3000 hoe
1193 2934 1263 3000 ioco

81 3039 178 3104 video
201 3035 321 3120 aliquid
344 3035 510 3100 dicendum
533 3054 601 3100 esse
624 3033 662 3100 de
684 3031 792 3098 verbis
815 3031 888 3098 libri
910 3036 949 3109 II,
972 3055 1004 3117 p.
1028 3038 1100 3110 368,
1124 3038 1157 3100 C.
1181 3057 1261 3123 sqq„

83 3163 125 3208 ex
152 3140 270 3226 quibus
295 3137 424 3204 suerunt
451 3135 504 3220 qui
527 3139 641 3202 docere
656 3144 856 3202 conarentur
877 3136 1100 3221 philosophum
1122 3139 1263 3221 optimae

81 3242 220 3312 civitatis
248 3241 416 3326 imaginem
438 3244 510 3336 ideo
533 3239 731 3324 potissimum
752 3242 973 3322 proposuisse,
1002 3248 1037 3306 ut
1058 3241 1183 3308 virtutis
1204 3246 1262 3312 dc·

82 3349 187 3414 ctrina
208 3345 380 3412 illustriore
402 3343 507 3427 atiquo
523 3343 668 3430 exemplo
684 3341 932 3409 confirmaretur.
970 3348 1161 3428 Magnopere
1177 3349 1262 3416 enim

81 3472 223 3528 vereor,
260 3450 386 3532 elegans
415 3451 492 3514 hacc
525 3445 564 3512 ab
594 3460 655 3512 una
685 3445 904 3530 disputationis
935 3457 1026 3530 parte
1062 3447 1102 3514 ad
1129 3448 1261 3516 aiteram

81 3555 228 3622 transitio
243 3573 283 3618 ne
296 3555 382 3618 viros
396 3549 542 3634 egregios
557 3549 590 3615 in
605 3571 753 3633 magnum
770 3571 912 3617 errorem
932 3551 1101 3619 induxerit.
1136 3555 1261 3620 Etenim

81 3658 185 3730 verba
205 3657 267 3732 iiia,
290 3655 317 3722 si
338 3652 412 3740 quid
427 3652 530 3729 video,
553 3669 617 3721 oon
631 3657 690 3718 hoc
704 3653 853 3731 indicant,
877 3653 1035 3720 civitatem
1050 3659 1109 3726 hac
1124 3657 1261 3722 maxime

82 3771 121 3830 de
144 3769 242 3827 causa
262 3758 355 3842 fingi,
387 3767 422 3824 ut
449 3755 656 3831 iustitiaevis
678 3765 709 3824 et
730 3766 842 3834 natura
863 3760 897 3823 in
918 3758 1051 3826 clariore
1074 3758 1144 3839 luce
1165 3759 1262 3828 collo-

81 3879 189 3946 cetur,
220 3863 274 3932 sod
295 3861 373 3928 iilud
394 3861 499 3946 potius
521 3859 710 3947 significant,
736 3861 879 3936 futurum
899 3881 985 3939 esse,
1014 3871 1049 3928 ut
1071 3865 1104 3928 in
1126 3863 1260 3934 ,ciuitatis

80 3972 238 4054 imagine,
259 3969 387 4052 ⁴quippe
415 3986 480 4034 uno
508 3969 635 4035 homine
655 3965 816 4049 ampliore
845 3973 938 4050 atque
967 3963 1137 4049 grandiore
1158 3968 1260 4038 virtus

81 4075 267 4158 expressior
287 4079 435 4138 carnaim
457 4071 587 4154 eiusque
608 4067 655 4134 ris
676 4077 710 4138 et
729 4077 841 4144 notura
861 4068 986 4138 facilius
1011 4071 1255 4154 perspiciatur.»

80 4185 178 4246 Recte
205 4173 426 4242 Steilhaumius
447 4172 507 4240 loci
530 4174 716 4254 sententiam
738 4171 906 4256 expressit,
938 4174 964 4238 si
986 4176 1084 4249 haec,
1107 4172 1154 4238 uti
1175 4175 1260 4246 diota

81 4292 171 4358 runt,
204 4279 304 4364 accipi
332 4285 469 4362 possent.
514 4275 607 4355 Quod
634 4284 739 4346 tamen
764 4275 842 4368 ticri¹
857 4297 922 4346 non
943 4284 1064 4361 potest,
1097 4285 1132 4346 ut
1151 4275 1258 4361 ipsum
