3298 5232
897 366 1129 434 vtro-

418 526 557 613 speciem
578 529 683 596 mente
705 525 861 604 contueri,
883 545 922 593 re
942 525 1012 614 ipsa
1032 524 1142 597 videre
1155 547 1219 598 non
1233 524 1401 612 potemus,
1423 535 1573 616 propterea

418 634 528 704 utitur,
541 639 578 698 ut
592 632 737 714 exempto
754 632 874 706 doceat,
885 652 961 697 ›non
972 638 1066 702 recte.
1075 631 1228 718 postulari
1241 641 1277 700 ut
1286 629 1447 715 perfectae
1460 631 1573 698 civitatis

419 733 525 805 animo
547 742 732 820 conceptam
751 736 910 822 speciem,
933 735 976 803 ita
993 743 1033 805 ut
1055 736 1226 822 cogitetur,
1248 734 1319 822 quis
1341 737 1427 818 spud
1452 735 1573 803 henne

419 839 556 916 existere
568 857 663 924 posse
686 837 895 914 demonstret,
925 841 1190 924 quemadmodum
1212 837 1515 926 pcstidandnmnen
1533 839 1572 914 sit,

419 952 454 1016 nt
474 942 576 1026 pictor
598 946 651 1030 qui
671 941 877 1028 pulcherrimi
898 942 1034 1008 heminis
1054 943 1225 1028 imaginem
1242 943 1393 1025 pinxerit,
1418 940 1507 1008 etiem
1521 941 1575 1008 tisri

420 1065 517 1132 posse,
535 1045 690 1114 eiusmodi
704 1045 866 1113 hominem
879 1045 1083 1114 demonstret.
1121 1051 1199 1114 Nem
1216 1065 1364 1112 essenon
1381 1065 1476 1131 pesse
1490 1055 1521 1110 nt
1533 1048 1575 1110 ali

419 1149 496 1236 quid
511 1151 556 1218 ita
568 1147 630 1224 fiat,
652 1149 919 1234 quemadmodum
935 1149 1066 1227 dicatur,
1082 1171 1217 1238 eamque
1233 1170 1303 1216 esse
1319 1169 1429 1216 rernm
1443 1157 1575 1228 naturam,

418 1253 556 1323 utactio
578 1253 682 1326 ninus
704 1274 798 1339 qnam
819 1273 925 1320 sermo
943 1274 1054 1322 verum
1070 1254 1210 1338 attingat
1253 1257 1377 1342 Itaque,
1401 1262 1434 1320 et
1448 1253 1576 1338 inrequi-

420 1359 494 1425 dem
514 1365 640 1432 nostro,
671 1355 879 1431 affirmamus,
900 1361 1053 1424 hocloco
1075 1357 1293 1443 quaestionem
1315 1361 1354 1424 de
1375 1355 1494 1422 institia
1512 1355 1575 1422 intra

419 1460 505 1538 ittam
527 1463 566 1526 de
586 1460 761 1547 ,Republica
782 1461 941 1532 collocari.
986 1465 1065 1528 Nam
1087 1460 1231 1550 quaerei
1246 1459 1378 1528 alicuius
1393 1458 1575 1529 declarandae

421 1583 514 1630 causa
535 1565 679 1647 exemplo
701 1567 892 1642 atteruntur,
915 1587 963 1634 ,ee
985 1564 1138 1633 interiora
1160 1572 1234 1630 sunt
1254 1567 1310 1641 iis,
1345 1585 1483 1649 quornm
1502 1585 1575 1628 cansa

420 1666 604 1735 afferuntur.
625 1703 667 1718 -
690 1669 837 1740 Ceterum
865 1672 928 1736 iam
957 1669 1010 1738 vir
1039 1690 1119 1752 opns
1142 1689 1216 1734 esse
1237 1667 1431 1734 arbitramur
1453 1675 1487 1734 nt
1506 1688 1575 1732 aem·

420 1769 519 1840 ratius
532 1791 737 1854 exponamus,
762 1793 857 1857 qnam
870 1773 980 1840 callide
994 1773 1028 1840 in
1042 1771 1091 1838 his
1107 1774 1205 1845 Plato,
1227 1793 1305 1838 vera
1317 1771 1404 1838 salsis
1423 1769 1573 1844 miscendo,

420 1875 490 1959 ipso
514 1872 866 1967 acemanecestriae
887 1875 989 1944 videri
1011 1873 1167 1942 dehebant
1189 1896 1270 1962 quae
1293 1877 1521 1959 pronunciabat
1533 1875 1574 1938 So

421 1987 538 2056 orama,
569 1985 676 2046 utatur
704 1985 742 2047 ad
765 1979 941 2064 augendam
963 1987 995 2047 et
1016 1983 1265 2048 conservandam
1286 1978 1398 2046 falsam
1421 1978 1462 2045 de
1484 1979 1575 2061 Operis

421 2082 644 2166 finespaciem
663 2087 840 2150 excitatam.
886 2089 966 2150 Nam
988 2105 1085 2170 quum
1107 2086 1255 2149 Socrates
1271 2091 1439 2166 tantopere
1454 2089 1575 2149 vereatur

422 2188 582 2271 suscipere
603 2189 689 2256 herne
708 2207 904 2263 sermonem,
934 2207 1055 2254 memor
1080 2189 1161 2254 matrs
1186 2196 1218 2252 et
1242 2187 1453 2270 ignominiae,
1477 2202 1576 2250 memor

422 2289 637 2375 perieulomtu
664 2287 725 2358 sibi
750 2290 999 2370 imminentium,
1020 2311 1110 2377 2qnae
1133 2297 1165 2356 ot
1185 2294 1227 2356 ab
1247 2292 1319 2374 ipso
1343 2297 1376 2356 et
1398 2311 1416 2354 a
1441 2289 1574 2356 Glaucone

423 2393 555 2468 stentem
582 2395 690 2462 verbis
718 2402 891 2481 augentur,
922 2415 1056 2482 qnorum
1084 2395 1207 2481 cuipam
1225 2396 1322 2459 adeo·
1343 2393 1389 2458 in·
1409 2392 1575 2460 Glauconen

423 2499 565 2574 maon,
594 2497 639 2564 ita
659 2507 765 2566 tamen
784 2507 821 2564 ut
841 2501 875 2564 in
894 2503 953 2566 hac
974 2499 1114 2566 veritatis
1129 2498 1342 2585 superlatione
1354 2505 1389 2564 et
1403 2497 1574 2570 traiectione,

424 2609 456 2668 st
482 2601 515 2669 in
539 2603 713 2670 ,Glauccnis
740 2602 876 2678 verbis,
893 2603 1017 2680 Καλῶς
1046 2598 1085 2688 y',
1115 2602 1196 2693 ἔφη,
1230 2597 1292 2686 ἐγὼ
1313 2601 1432 2680 ποιῶν,
1464 2625 1493 2666 κ.
1514 2623 1536 2664 r.
1552 2598 1575 2674 t,

425 2704 633 2789 secretisque,
648 2709 735 2792 qnod
748 2707 853 2774 statim
863 2709 1015 2792 seqnitur,
1035 2725 1192 2792 responso
1203 2705 1309 2772 ironia
1317 2713 1479 2792 appareat,
1490 2719 1575 2770 nonne

425 2811 479 2894 qui
501 2808 580 2878 ease
599 2809 705 2894 legent
726 2808 841 2888 sotum,
863 2829 922 2876 nec
943 2812 1040 2877 totins
1061 2810 1108 2876 re'i
1129 2812 1284 2876 ratonem
1303 2811 1514 2880 comiderent
1534 2821 1576 2870 nec

424 2912 523 2982 mutto
543 2933 604 2980 usu
616 2914 686 2980 'iem
707 2914 866 2999 cognitam
887 2912 1022 2982 debeant
1040 2914 1124 2980 hanc
1136 2913 1273 2980 Socratis
1292 2913 1443 2987 ironiam,
1465 2911 1526 2978 iere
1539 2927 1576 2972 cc·

425 3025 540 3102 genus·
560 3025 714 3091 statuere,
743 3016 847 3084 atiena
874 3021 954 3084 hsce
982 3037 1052 3088 csse
1072 3016 1112 3082 ab
1134 3017 1174 3082 iis
1197 3037 1278 3103 qnae
1300 3035 1376 3082 sere
1389 3021 1574 3101 ¹quaerantur,

425 3129 456 3192 ct
471 3121 790 3205 prodierestionibus
800 3121 966 3192 hianda?
987 3127 1033 3188 lta
1048 3121 1162 3188 iatsam
1172 3120 1294 3187 videbis
1310 3139 1380 3186 etse
1396 3119 1577 3185 senteierna·

425 3228 575 3294 charius
597 3228 660 3293 hoc
679 3224 751 3290 loce
770 3226 956 3292 sententiam
968 3225 1109 3292 :tndem
1131 3246 1197 3291 nnn
1212 3225 1316 3290 dieser
1335 3232 1419 3289 erste
1440 3217 1577 3290 Abuheitt

425 3342 559 3398 somnes
582 3327 704 3396 rienten
733 3329 955 3413 Idaupttbciles
981 3332 1038 3396 mit
1066 3328 1137 3395 dem
1159 3327 1432 3412 nugesuudnisse·
1445 3326 1575 3394 sentient

425 3431 496 3502 dass
518 3431 575 3500 der
595 3429 822 3502 hesobriobene
844 3435 934 3498 Stant
951 3453 1011 3500 nnr
1033 3432 1079 3499 ais
1100 3431 1232 3500 Verbitd
1255 3431 1300 3498 sei
1325 3431 1577 3517 perseuerare

425 3538 499 3612 den,
519 3539 724 3604 umcdcstict
745 3539 1047 3620 masrmtettmucter
1067 3539 1193 3602 cretes
1213 3539 1426 3627 Bedtnpnepee
1447 3537 1506 3601 eine
1523 3530 1576 3595 md·

425 3643 575 3710 dommum
590 3641 807 3724 campiparte
827 3643 889 3704 arrd
908 3643 957 3706 cist
977 3643 1093 3706 miniter
1105 3645 1201 3708 Μαιιιι
1220 3643 1350 3723 neptus
1370 3642 1422 3713 sci,
1447 3644 1513 3706 dass
1523 3651 1576 3700 man

427 3743 505 3812 aber
533 3745 565 3812 in
595 3743 652 3810 der
678 3735 904 3811 Wirktichtreit
931 3743 1091 3812 anfrieden
1119 3744 1186 3810 sein
1208 3746 1313 3810 mii'sse
1337 3747 1393 3808 mit
1414 3747 1501 3814 dem,
1529 3753 1575 3802 ro

427 3850 528 3914 durch
547 3847 810 3934 pesstmogttete
830 3851 1043 3934 donauerong
1064 3869 1104 3914 an
1121 3852 1218 3935 jenua
1236 3847 1368 3914 Verhiid
1383 3869 1422 3912 nn
1438 3843 1575 3912 emendet

429 3951 490 4018 rei:
514 3971 553 4017 so
572 3953 652 4018 vird
673 3951 779 4018 dochn
802 3958 844 4016 ott
874 3950 934 4020 ·Cs.
956 3954 1072 4021 incon.
1096 3972 1127 4039 p·
1151 3956 1203 4023 titt.
1249 3954 1427 4037 Usquamne
1450 3950 1505 4016 hoc
1524 3947 1576 4012 nn

427 4057 480 4122 rel
501 4054 853 4140 minimnm'reetiginm
867 4064 1021 4144 apparet,
1045 4077 1109 4142 ‹pre
1131 4056 1318 4122 indicaverit
1339 4054 1444 4130 Pisto,
1468 4073 1500 4118 se
1519 4044 1576 4114 civi·

428 4167 526 4226 tatem
554 4162 634 4231 trano
659 4159 732 4224 ideo
760 4167 881 4229 tantum
909 4159 1105 4238 condidisse,
1133 4170 1168 4224 ut
1195 4157 1313 4224 doment
1338 4179 1399 4242 pao
1422 4157 1504 4222 mode
1524 4145 1576 4235 fieti

406 4273 529 4353 ‘posto'
540 4265 674 4353 perfectu
694 4265 813 4333 iccata
833 4264 930 4352 etet?
949 4266 1067 4335 matut?
1109 4264 1203 4345 Quod
1232 4263 1328 4331 Plato·
1347 4261 1435 4331 dicit·
1448 4263 1505 4327 hoc
1523 4259 1573 4320 cst:
