3344 5234
563 425 774 490 ..37-

72 597 223 682 perducit.
267 593 385 660 Eodem
407 593 500 678 plane
522 597 616 659 modo
639 591 870 658 Tiedemannus
891 591 912 658 l.
937 591 975 658 l.:
1011 591 1136 672 «Quod
1163 591 1262 677 igitur

77 701 244 785 quaeritur
272 701 312 764 de
342 701 459 764 institia
493 697 618 781 prologi
648 704 768 762 tantum
797 695 901 761 locum
931 703 1041 762 tenet:
1078 717 1137 761 nec
1172 705 1262 762 recte

76 804 181 878 Plato,
211 805 288 888 quid
310 801 369 866 sibi
391 801 487 867 vellet
507 801 556 865 his
578 799 668 865 libris
692 798 842 874 occuluit,
873 809 927 864 ant
957 801 1127 885 legentium
1149 799 1261 865 saltem

77 907 178 974 oculis
194 903 367 979 subtraxit,
391 925 461 971 cum
484 904 657 987 scriptoris,
681 906 868 988 praesertim
890 903 1110 986 philosophici,
1133 903 1261 988 longam

75 1010 284 1094 ingredientis
308 1011 498 1082 orationem,
527 1009 582 1080 sit,
614 1027 708 1091 quem
730 1004 791 1071 sibi
813 1005 1018 1089 proposuerit
1038 1005 1151 1080 finem,
1186 1013 1263 1071 ante

76 1133 250 1196 exponere,
273 1120 308 1176 ut
322 1134 386 1197 quo
398 1115 528 1177 tondant
542 1110 674 1195 singula,
697 1110 797 1174 lector
813 1110 999 1194 intelligens,
1021 1113 1140 1176 rectius
1152 1132 1260 1195 prom·

74 1220 227 1300 ptiusque
249 1224 361 1281 cuncta
380 1216 591 1298 perspiciat.»

164 1323 264 1385 Nobis
294 1341 346 1385 res
375 1322 418 1384 ita
444 1319 642 1402 expedienda
672 1317 739 1382 visa
768 1323 833 1384 est:
873 1317 909 1382 Ei
938 1319 991 1402 qui
1019 1317 1257 1402 Rempublieam

76 1425 254 1508 perfectam
284 1443 309 1488 s.
338 1425 451 1487 iustam
479 1421 661 1486 describere
684 1419 791 1496 vellet,
825 1420 1011 1504 explicanda
1033 1431 1102 1488 erat
1123 1411 1260 1488 iustitiae

77 1528 122 1594 vis
145 1537 243 1612 atque
265 1535 389 1590 natura.
415 1524 460 1591 Cf.
484 1527 550 1590 Pol.
573 1523 626 1589 lib.
649 1527 702 1590 VI.
724 1546 756 1608 p.
780 1526 852 1598 500,
875 1520 911 1592 1)ss
936 1545 995 1609 sqq
1006 1522 1038 1608 *l
1076 1525 1206 1591 Duobus
1228 1527 1260 1591 id

79 1633 181 1697 modis
203 1629 273 1695 fieri
295 1635 437 1713 poterat,
460 1637 495 1692 ut
516 1637 570 1692 aut
591 1635 699 1719 aperte
721 1626 926 1712 profiteretur
947 1632 1084 1713 scriptor
1098 1630 1261 1713 Reipubli-

82 1756 131 1799 cae
155 1733 383 1800 describendae
405 1751 499 1797 cansa
521 1753 556 1796 se
579 1732 729 1796 iustitiam
758 1751 930 1816 quaerere;
961 1742 1031 1810 ant,
1063 1731 1259 1798 dissimulato

82 1859 154 1903 rere
178 1837 322 1911 consilio,
344 1833 572 1919 rempublicam
594 1836 730 1900 iustitiae
752 1837 960 1903 inveniendae
983 1856 1077 1902 causa
1092 1858 1126 1901 se
1142 1839 1261 1904 des'eri-

79 1941 154 2007 bere
177 1941 369 2006 simularet·
396 1943 505 2006 Utrum
533 1937 657 2023 dialogo
687 1941 789 2021 aptius
816 1940 930 2014 fuerit,
957 1938 1262 2024 iam-dispiciamus.»

80 2050 147 2110 Non
169 2047 302 2110 eaedem
326 2046 452 2108 omnino
468 2045 582 2107 eadunt
603 2040 688 2125 leges
710 2044 742 2106 in
765 2041 934 2126 dialogum,
958 2063 1039 2127 qnae
1053 2046 1086 2108 in
1101 2045 1259 2130 reliquum

79 2169 265 2216 sermonem.
303 2150 381 2212 Sunt
392 2149 557 2230 utriusque
578 2148 732 2211 sermonis
753 2146 841 2229 leges
863 2167 899 2212 re
922 2146 1061 2223 eaedem,
1084 2150 1190 2232 specie
1213 2147 1260 2213 di·

79 2274 200 2319 versae.
235 2249 407 2316 Observari
430 2250 557 2334 quidem
580 2248 675 2314 debet
695 2252 727 2314 iu
750 2245 872 2335 dialogo
897 2251 1019 2326 eadem,
1042 2273 1123 2336 quae
1138 2253 1170 2316 in
1185 2251 1260 2318 reli·

79 2379 140 2441 qno
164 2375 321 2426 sermone,
344 2355 412 2420 eins
427 2355 592 2420 ordinandi
608 2362 639 2418 et
653 2355 685 2417 in
699 2361 807 2436 partes
820 2353 1028 2419 distribuendi
1045 2355 1138 2429 ratio,
1161 2357 1258 2422 celari

79 2481 155 2526 vero
178 2479 248 2524 eam
270 2458 343 2523 licet
363 2459 396 2522 in
418 2456 551 2540 dialogis
573 2465 604 2521 et
625 2455 850 2543 aliquantulum
873 2460 1048 2532 immutari,
1072 2481 1135 2543 quo
1160 2461 1259 2525 dialo-

79 2585 135 2650 gus
158 2565 200 2626 ad
221 2561 376 2628 sermonis
397 2561 536 2648 vulgaris
558 2559 692 2630 formam
714 2561 848 2645 propius
869 2565 1006 2627 accedat.
1052 2567 1132 2628 ltem
1150 2585 1258 2630 neces-

78 2670 198 2733 sarium
228 2675 288 2739 est,
322 2685 390 2730 csse
418 2663 519 2729 finem
540 2666 579 2728 ad
603 2685 697 2749 quem
720 2667 820 2730 omnis
843 2685 948 2730 sermo
971 2669 1095 2742 tendat,
1131 2676 1197 2732 tum
1224 2671 1257 2732 in

79 2771 206 2855 dialogo
228 2778 294 2834 tum
316 2770 349 2832 in
371 2763 494 2852 reliquo
516 2789 670 2842 sermone,
694 2789 732 2833 eo
754 2775 874 2833 tantum
897 2769 1094 2846 discrimine,
1117 2775 1202 2856 quod
1224 2775 1256 2835 in
1342 2767 1344 2772 ’

79 2875 215 2960 dialogo,
240 2871 280 2938 oh
296 2893 366 2936 eam
388 2891 512 2936 eausam
528 2895 622 2956 qnam
638 2874 785 2950 diximus,
810 2874 969 2938 interdum
985 2871 1080 2939 celari
1095 2873 1178 2949 licet,
1201 2875 1261 2959 qui·

79 2980 118 3042 sit
139 2978 167 3042 is
190 2975 277 3052 finis,
308 2995 402 3060 quem
429 2975 461 3040 in
488 2995 574 3040 mere
596 2976 814 3060 philosophico
836 2997 934 3059 opere
960 2978 1097 3060 proponi
1127 2999 1256 3042 necesse

80 3089 139 3146 est.
182 3082 230 3144 Ita
258 3077 308 3153 lit,
338 3080 426 3144 utin
448 3079 580 3163 dialogis
603 3079 735 3145 lectores
757 3073 907 3147 ardenter
929 3087 1126 3164 exspectent,
1158 3088 1256 3166 quor·

80 3207 147 3248 sum
161 3186 273 3248 -oratio
296 3181 420 3248 abitura
441 3185 490 3257 sit,
513 3203 571 3248 nec
592 3186 624 3251 id
646 3192 717 3248 ante
736 3183 951 3267 praevideant,
973 3205 1036 3268 qua
1050 3203 1086 3249 re
1101 3183 1260 3248 lectorum

80 3289 233 3371 voluptati
260 3288 391 3351 nimium
418 3294 568 3371 qnantum
599 3287 781 3353 consulitur.
825 3289 949 3365 Quanta
982 3287 1065 3352 enim
1093 3288 1255 3371 voluptate

79 3392 214 3457 lectores
243 3389 392 3473 perfundi
419 3390 651 3466 existimemus,
684 3391 738 3476 qui
754 3391 865 3457 celato
893 3391 1009 3476 dialogi
1032 3389 1113 3466 fine,
1148 3391 1255 3456 celatis

79 3494 222 3579 partibus
244 3496 323 3570 eins,
346 3496 424 3558 haec
446 3498 551 3559 omnia
571 3495 631 3578 ipsi
653 3494 822 3570 inveniant,
846 3502 972 3579 etopus
988 3497 1158 3578 integrum,
1183 3515 1255 3558 cum

80 3598 226 3665 omnibus
255 3596 413 3680 partibus,
447 3604 595 3682 tanquam
624 3611 721 3663 unum
744 3591 860 3682 eorpus
882 3619 941 3683 per
962 3600 1111 3690 articulos
1133 3597 1255 3662 affabre

79 3724 269 3775 connexum,
299 3701 403 3765 animo
426 3709 585 3765 acmanto
607 3707 835 3767 concreantur?
871 3705 932 3768 Ant
954 3706 1038 3787 quod
1059 3709 1164 3784 potest
1185 3721 1255 3766 esse

78 3811 179 3873 maius
191 3800 434 3919 philogophandl
445 3807 690 3882 incitamentum,
713 3825 793 3892 quae
809 3809 910 3893 major
925 3806 1101 3871 studiorum
1113 3811 1254 3871 merces?

79 3973 322 3987 ηε...-

147 4078 172 4140 ¹)
197 4079 319 4142 Quodn
339 4080 521 4144 interanea
542 4093 571 4134 re
588 4081 722 4144 dialogum
741 4084 857 4146 incipere
883 4082 1019 4143 rtdemus,
1047 4083 1085 4134 tta
1109 4087 1140 4132 ut
1163 4073 1255 4146 po'stea‘

77 4170 185 4222 demum
211 4181 299 4221 sermo
319 4169 351 4222 de
370 4170 516 4232 Republica
534 4174 655 4231 ortatur‚=
671 4171 751 4224 debat
769 4174 794 4224 td
815 4175 903 4234 ipsum
922 4176 1076 4238 argumento
1096 4184 1173 4232 asse,
1200 4183 1254 4220 non

78 4273 135 4312 esre
155 4257 282 4310 iustitiam
301 4259 329 4309 td
349 4259 420 4324 quod
440 4262 582 4324 praectpue
595 4267 746 4326 quaeretur.
785 4261 951 4316 Contrarium
971 4268 1122 4315 statuerunt
1133 4262 1252 4326 plerique

79 4351 248 4412 interpretes.
847 4361 850 4369 ·
896 4347 899 4354 ’
