3298 5232
893 369 1121 440 -555-

425 526 512 600 καθ’
542 521 622 611 ὅσον
647 529 690 602 ίίν
715 530 761 621 μὴ
791 532 845 627 ἔχῃ
873 527 972 618 λόγον
995 527 1085 624 αύτῷ
1107 534 1217 600 τεκαὶ
1240 527 1328 623 5555
1351 523 1495 652 διδόναι,
1502 525 1565 598 κατὰ

424 637 585 757 τοσρύτον
613 638 691 705 νοῦν
714 642 788 726 περὶ
816 633 935 704 τούτου
963 631 1001 703 ού
1031 630 1149 723 φήσεις
1177 635 1276 724 5555,-
1305 635 1386 713 Πῶς
1402 630 1463 724 γὰρ
1482 631 1529 713 55,
1551 621 1565 715 5

426 732 496 806 δ’ε
484 732 535 820 ύς,
565 741 686 831 φαίηνς
719 736 845 808 055055
874 745 929 808 καὶ
951 740 1109 830 περὶτοῦ
1137 733 1278 824 ἀγαθοῦ
1306 732 1466 860 ὡσαύτως
1491 731 1523 814 ἔς
1539 733 1566 804 55

424 837 470 928 μὴ
497 841 552 936 ἔχη
579 845 803 936 διορίσασθαι
830 843 876 935 τῷ
903 837 1032 935 λύγρ’
1012 839 1079 910 απὸ
1101 843 1165 910 τῶν
1186 839 1297 932 ύίλίιοινΙ
1315 837 1446 910 πάντων
1465 835 1567 930 ύφιέύν

425 941 484 1027 555
506 947 565 1014 τού
586 941 726 1033 ἀγαθοῦ
749 943 850 1024 ἰδέαν,
871 951 926 1014 καί
949 941 1056 1036 ὥσπερ
1078 946 1111 1012 έν
1131 938 1219 1040 μάχῃ
1241 941 1298 1012 διὰ
1319 939 1448 1012 πάντων
1462 945 1568 1030 ἐλέγχον

426 1045 559 1130 διεξιὼν,
579 1046 625 1134 55
640 1047 726 1118 κατὰ
742 1045 851 1132 δόξαν,
874 1045 960 1116 ἀλλὰ
981 1044 1049 1120 κατ’
1074 1044 1190 1140 ούσίαν
1210 1043 1487 1137 προθυμούμενος
1504 1049 1568 1132 ἐλέγ-

424 1175 511 1238 χειν,
550 1154 583 1219 έν
615 1155 699 1230 πᾶσι
734 1149 866 1232 τούτοις
894 1148 1020 1222 ἀπτῶτι
1048 1153 1093 1244 τῷ
1121 1147 1208 1244 λύγῳ
1236 1146 1487 1237 διαπορεύηται,
1515 1147 1568 1216 ούιι

425 1249 508 1322 αὐτὸ
530 1251 569 1322 τὸ
591 1252 730 1342 ἀγαθὸν
757 1252 875 1350 φήσεις
901 1251 1020 1324 εἰδέναι
1048 1253 1107 1323 τὸν
1135 1246 1239 1375 ρύτως
1267 1255 1384 1345 ἔχοντα
1413 1251 1484 1322 ούτι
1508 1249 1568 1318 ἄλλο

424 1353 564 1478 ἀγαθὸν
584 1356 695 1440 οὐδέν,
715 1356 835 1428 ἀλλ”
811 1364 845 1428 εί
859 1385 903 1441 πη
925 1350 1061 1426 εἰδώλου
1083 1355 1171 1437 τινὸς
1192 1353 1390 1451 ἐφάπτεται,
1418 1352 1506 1452 δόξῃ,
1527 1351 1569 1422 ούι

426 1457 588 1557 ἐπιστήμη
617 1459 834 1557 ἐφάπτεσθαι
866 1467 921 1530 καί
954 1459 1012 1530 τὸν
1043 1463 1100 1530 555
1131 1463 1206 1546 βίον
1237 1429 1506 1553 ὀνειροπολοῦντα
1532 1463 1569 1526 ναὶ

425 1559 648 1646 ὑπνώττοντα,
668 1571 744 1654 πρίν
764 1559 889 1635 ἐνθάδε
911 1561 1170 1656 έξέγρταθαι,’
1139 1591 1185 1644 ας
1203 1555 1325 1635 Ἀιδου
1339 1559 1497 1688 πρότερον
1512 1558 1569 1680 ύιγγ

424 1663 562 1754 κύμινον
583 1671 696 1749 τελέας
717 1665 1060 1761 έπιααταδαρθοίνεινς
1081 1665 1136 1751 Νὴ
1158 1665 1216 1737 τὸν
1240 1655 1362 1746 Δια,
1343 1695 1364 1750 5
1388 1663 1456 1736 δΗ
1444 1693 1489 1748 ος,
1508 1661 1569 1757 055

425 1773 490 1862 δρα
510 1795 547 1857 γε
567 1767 677 1840 πάντα
700 1774 805 1842 ταῦτα
827 1769 934 1866 φησιν.
972 1768 1079 1843 Ἀλλὰ
1105 1767 1172 1859 μὴν
1198 1768 1275 1851 τούς
1302 1797 1338 1858 γε
1368 1772 1492 1840 σαυτοῦ
1516 1774 1569 1837 ποί

426 1870 551 1956 δας,”
519 1869 577 1997 ούς
598 1876 644 1968 τῷ
665 1871 753 1970 λύγῳ
768 1880 899 1969 τρέφος
914 1901 947 1944 τι
961 1881 1020 1944 κιέι
1031 1870 1251 1958 παιδεύοις,’
1225 1880 1260 1944 αι’
1267 1899 1346 1942 ποτε
1358 1874 1442 1968 ἔργῳ
1455 1877 1569 1996 τρέφοις,

426 1975 500 2046 οὐκ
532 1975 580 2048 ύίν
611 1976 775 2060 ἔοίσαις,
808 1977 858 2058 ὡς
889 1977 1066 2072 ἐγῷμαι,
1100 1973 1333 2065 ύλόγοος”
1313 2003 1441 2056 οντας
1466 1969 1568 2064 ύίοπερ

424 2079 626 2172 γραμμὰς
653 2079 862 2174 ι’ίρχοντας
890 2083 930 2152 έν
958 2084 1000 2177 55
1027 2078 1146 2150 πόλει
1171 2082 1348 2171 κυρίους
1379 2081 1458 2150 τῶν
1482 2079 1570 2168 μεγί-

426 2208 532 2254 στινν
560 2175 677 2254 εἶναι.
724 2182 776 2253 05
788 2183 882 2276 γὰρ
896 2172 983 2266 οὖν,
1012 2185 1101 2278 ἔφη
1144 2179 1403 2273 Λαμοθιτὴσεις
1424 2181 1463 2266 δὴ
1485 2178 1569 2258 αύτοίς

427 2284 549 2372 ταύτης
573 2283 720 2377 μάλιστα
750 2290 815 2371 τῆς
832 2289 985 2369 παιδείας
1009 2283 1377 2376 ἀντιλαμβάνεσθαι,ε
1362 2277 1439 2372 ξ
1418 2315 1456 2370 νγς
1476 2285 1569 2376 ἔροηίν

425 2419 460 2468 τι
488 2398 544 2462 ναὶ
569 2389 856 2518 ἀποκρίνεσθαι
840 2395 1142 2480 επιοτημονέστατα
1163 2384 1274 2460 οἷοίτ’
1299 2391 1452 2474 ἔσονταις
1485 2393 1570 2516 Νομο-

425 2492 614 2580 θετησοι,”
595 2524 669 2590 εφη,
690 2492 775 2586 perd
793 2521 831 2584 γι
852 2497 925 2566 σού.
962 2493 1040 2586 Ἀρ
1065 2483 1136 2566 οὖν
1157 2499 1274 2563 δοκιι
1291 2518 1371 2575 σοι,
1393 2494 1488 2613 ἔφην
1506 2486 1570 2577 ἔγύ,

426 2591 559 2691 ύίσπαρ
589 2598 772 2688 θριγκὸς
801 2605 892 2680 τοῖς
918 2594 1216 2688 μαθήμασιν
1198 2626 1218 2681 η
1241 2590 1515 2678 διαλεκτικὴ
1500 2597 1614 2680 ημῖν

426 2699 556 2773 ἐπάνω
593 2708 792 2786 κεῖσθαι,
828 2709 893 2772 καὶ
929 2700 1054 2772 οὐκέτ’
1092 2700 1196 2772 ἄλλο
1232 2697 1381 2770 τούτου
1417 2695 1570 2790 μάθημα

426 2803 615 2900 ἀνωτέρω
651 2803 789 2896 ὀρθῶς
829 2803 876 2876 ίίν
919 2808 1221 2886 ἐπιτίθεσθαι,
1263 2801 1344 2873 ἀλλ’
1381 2803 1488 2893 ἔχειν
1520 2797 1569 2881 555

426 2913 544 2990 τέλος
575 2907 626 2978 τίι
659 2912 734 2978 τῶν
765 2905 1047 2998 μαθημάτωνς
1074 2904 1240 2996 Ἔμοιγ,
1269 2908 1352 2999 ἔφη.
1398 2910 1446 2974 cf.
1469 2929 1499 2991 p.
1517 2905 1569 2969 531.

425 3017 508 3080 med.
539 3016 646 3102 Stepin
690 3015 861 3083 Dialectica
887 3016 926 3080 ‚in
954 3014 1099 3082 idearum
1130 3015 1270 3079 doctrina
1301 3020 1469 3087 versatur,
1501 3005 1571 3075 etin

426 3139 549 3190 nummu
569 3121 731 3196 omnium,
756 3118 828 3186 idea
847 3117 935 3187 boni.
980 3119 1083 3196 Quam
1105 3115 1160 3202 qni
1180 3124 1267 3185 recte
1289 3117 1493 3200 cognoverint
1510 3112 1530 3177 ii
1545 3105 1571 3174 at

424 3221 521 3294 unam
549 3223 689 3294 omnium
717 3225 895 3294 studiorum
921 3219 1104 3306 pervenisse
1126 3217 1255 3306 putandi
1277 3227 1359 3286 sunt.
1405 3223 1481 3286 Eam
1501 3213 1571 3302 igitar

426 3330 572 3402 cuatouaa
594 3350 620 3396 s.
643 3334 785 3398 rectores
806 3327 967 3413 perfectae
985 3324 1082 3394 huius
1102 3322 1304 3408 Reipublicae
1330 3343 1518 3408 cognoscere
1535 3315 1572 3382 de·

425 3427 511 3502 beat.
556 3433 675 3500 Eorum
706 3433 789 3499 enim
817 3450 930 3496 munus
958 3427 1066 3496 estin
1094 3426 1257 3496 condenda
1282 3434 1315 3494 et
1334 3431 1475 3511 regenda
1492 3427 1573 3505 Repu·

426 3535 507 3601 blica
537 3533 641 3602 ideam
669 3533 764 3611 boni,
795 3537 828 3600 h.
853 3555 882 3598 e.
907 3553 1060 3600 summam
1081 3531 1284 3617 perfectionis
1305 3529 1463 3619 speciem,
1495 3540 1572 3610 neque

425 3639 546 3715 Deum,
578 3647 725 3727 tauquam
753 3659 897 3705 normam
925 3646 956 3704 et
976 3635 1124 3721 aegulam
1154 3637 1268 3722 sequi„
1299 3635 1376 3702 Rem
1405 3632 1450 3699 ita
1475 3650 1535 3698 csse
1550 3630 1573 3690 nt

426 3762 487 3808 nnc
511 3741 643 3810 dicimus
671 3763 743 3808 oum
763 3763 804 3808 ex
824 3744 864 3808 iia
885 3763 966 3830 quae
988 3743 1051 3808 hoc
1073 3742 1144 3806 Ιοοο
1172 3738 1339 3825 leguntur,
1372 3735 1487 3822 quibau
1511 3748 1572 3800 nunt

426 3843 562 3924 bonum,
594 3851 679 3934 quod
701 3855 808 3923 auten,
832 3845 905 3952 σοῖο
926 3847 1094 3913 humanam
1117 3842 1329 3928 coguitionem
1352 3847 1492 3926 superat,
1519 3831 1573 3920 5155
1613 3883 1614 3934 t

426 3947 552 4014 aliunde
574 3953 750 4017 derivatum
771 3970 836 4015 non
858 3956 916 4025 est,
940 3951 996 4013 sed
1017 3945 1157 4032 reliquae
1179 3948 1270 4012 ideae
1290 3947 1460 4010 omnam
1482 3935 1614 4006 eode-

425 4055 580 4131 rivantur,
603 4074 668 4121 nou
690 4075 758 4120 csse
780 4047 956 4134 ἀλήθειαν,
977 4049 1033 4118 lib.
1057 4053 1110 4120 51.
1134 4072 1167 4133 p.
1185 4051 1259 4127 505,
1282 4052 1330 4125 Ε.,
1353 4065 1457 4146 neque
1472 4039 1572 4114 οὐσίαν,

426 4155 479 4232 VI
503 4159 576 4234 509,
598 4161 636 4225 B.
628 4205 653 4236 .,
676 4156 813 4243 dixerat,
836 4159 906 4236 τοῖς
927 4141 1003 4224 ούοι
1024 4163 1227 4231 annumerat,
1250 4150 1347 4239 idque
1369 4139 1480 4218 eodem
1498 4137 1572 4212 modo

427 4260 577 4350 cognosci
598 4262 643 4332 ait
663 4281 727 4350 quo
747 4251 884 4352 reliquas
904 4261 1007 4338 idean,
1039 4257 1218 4340 dialectica,
1246 4256 1360 4333 iisdem
1381 4258 1476 4324 etiam
1493 4249 1528 4318 dc
1545 4261 1573 4312 eo
1613 4333 1614 4396 ρ
