3312 5238
548 373 779 439 -127-

74 531 149 600 sint.
193 531 287 600 Hune
303 549 382 598 nmo
404 550 526 600 nexum
547 551 617 598 sese
642 532 781 618 pasittrm
802 529 836 597 in
856 529 1062 598 universitate
1083 529 1152 598 eius
1171 528 1258 616 quad

75 637 119 702 sit
140 657 168 700 s.
191 643 334 712 naturae,
358 642 391 700 et
413 632 584 720 significari
604 637 655 702 ita.
670 633 785 718 procul
802 636 911 710 dubio,
933 635 1106 702 solumhae
1130 633 1254 702 ratione

73 747 164 806 reete
192 737 326 822 intelligi
354 759 465 825 posse,
505 741 591 824 quod
624 735 740 804 haheat
769 737 893 807 animus
923 737 1077 804 humanus
1107 745 1173 805 tres
1201 741 1258 818 has

73 841 240 916 facultates
271 850 303 906 et
334 863 391 908 eur
416 839 541 908 habeat.
590 839 638 906 of.
660 845 731 908 adn.
754 845 851 911 adh.
874 841 897 907 l.
921 861 952 928 p.
974 845 1049 908 555.
1091 843 1171 908 Nam
1191 861 1258 908 suan

73 949 109 1012 id
130 945 236 1032 agitur
258 953 294 1010 ut
316 949 466 1015 doceatur
483 965 559 1012 vere
579 965 648 1012 esse
671 949 731 1010 has
751 952 823 1012 tres*
840 943 1014 1022 facultates,
1039 944 1097 1012 sed
1117 947 1258 1011 innuitur

73 1071 142 1116 non
161 1070 243 1127 esse,
267 1049 294 1116 si
316 1057 461 1118 accurate
477 1049 744 1134 resexpluretur.
787 1048 934 1134 Neglexit
949 1047 1255 1116 Schleiermaelrerns

75 1153 165 1240 quod
195 1151 282 1220 Plato
316 1152 534 1239 quaerendum
559 1173 628 1219 esse
652 1152 795 1220 dixerat:
825 1153 897 1222 ei'rs
923 1153 987 1241 ἔχει
1016 1149 1056 1219 τὰ
1085 1153 1161 1239 τρία
1189 1153 1258 1233 etan

74 1259 185 1324 ταῦτα
209 1259 242 1324 ἐν
263 1251 364 1350 αὐτῇ,
392 1259 454 1324 εἴτε
474 1251 535 1345 μή.
580 1259 669 1334 Quae
696 1256 794 1341 igitur
821 1259 883 1322 hoc
905 1255 978 1323 loeo
1003 1265 1187 1333 sumantur,
1219 1273 1258 1322 ea

74 1383 143 1428 non
163 1360 293 1428 omnino
317 1381 395 1428 vera
418 1359 525 1427 videri
548 1361 755 1446 philosophus
776 1359 820 1426 ita
837 1358 998 1437 indicarit,
1027 1362 1102 1446 quia
1124 1357 1259 1446 simplex

74 1474 172 1553 atque
194 1485 257 1532 una
282 1467 323 1530 sit
350 1485 428 1532 vera
449 1465 546 1530 animi
572 1471 694 1534 natura.
740 1461 788 1536 Cl.
810 1463 970 1534 Phaedon
991 1484 1023 1550 p.
1049 1467 1104 1528 78.
1126 1466 1171 1527 Β..
1185 1483 1255 1550 sqq.

75 1569 161 1634 Tim.
192 1589 223 1654 p.
250 1572 303 1636 42.
334 1573 370 1636 Α.
399 1588 431 1654 p.
458 1571 517 1644 69,
549 1567 584 1632 C.
615 1589 661 1655 sq.
692 1574 725 1633 et
743 1567 838 1634 huius
859 1570 967 1651 operis
987 1566 1042 1634 lih.
1064 1569 1104 1632 X.
1127 1589 1160 1652 p.
1182 1569 1256 1632 ott.

75 1673 150 1740 soll.
171 1674 247 1749 vn,
281 1692 312 1758 p.
334 1673 417 1748 518,
439 1676 480 1738 Ι).
526 1673 629 1748 Quam
655 1690 734 1736 vero
755 1671 908 1757 intelligat
927 1674 1137 1760 μακροτέραν
1157 1665 1256 1746 ὁδὸν,

74 1777 109 1843 id
135 1775 308 1843 indicatum
333 1783 381 1845 est
400 1773 461 1841 lib.
480 1778 537 1850 Vl,
562 1795 595 1860 p.
619 1777 692 1840 503.
715 1777 788 1851 Vll,
811 1777 951 1850 531,1).
975 1777 1086 1839 -Ex
1107 1777 1167 1839 hae
1191 1773 1259 1860 ipsa

74 1880 178 1966 igitur
199 1900 254 1957 re,
284 1878 370 1964 quod
396 1901 433 1944 ea
459 1880 528 1956 via,
562 1899 658 1964 quam
680 1897 765 1944 nune
785 1875 1000 1962 ingrediatur,
1025 1897 1089 1944 non
1114 1884 1258 1942 accurate

74 1984 242 2050 inventum
263 1982 304 2056 iri
329 1981 422 2059 dicit,
460 1984 619 2069 quotsint
644 1980 741 2048 animi
761 1979 941 2058 facultates,
970 1979 1077 2066 operis
1105 1979 1200 2046 finem
1225 1978 1259 2047 in

76 2085 263 2173 quaerenda
282 2085 400 2152 iustitia
421 2106 486 2154 non
507 2107 576 2152 esse
596 2085 733 2172 positum
759 2092 897 2172 apparet.
940 2087 1020 2150 Nam
1044 2084 1072 2150 si
1096 2083 1259 2161 iustitiam,

75 2190 116 2256 de
140 2212 205 2276 qua
225 2193 264 2256 ab
287 2189 378 2266 initio
399 2209 471 2255 eum
494 2197 580 2258 tanto
599 2187 715 2256 ardore
735 2189 1050 2267 eonlliehtumerat,
1072 2210 1148 2256 vere
1163 2209 1260 2275 quae-

76 2303 186 2376 reret,
214 2301 301 2360 certe
326 2292 360 2360 in
384 2291 434 2361 his
466 2314 548 2380 quae
577 2293 642 2362 τῶν
669 2296 908 2384 προειρημένων
935 2318 970 2362 τε
998 2298 1063 2360 καὶ.
1081 2315 1259 2380 προεσκεμ-

78 2403 188 2485 μένων
210 2393 307 2478 ἆξίως
328 2396 458 2482 quidem
483 2397 680 2472 dicerentur,
702 2401 743 2462 ad
765 2394 990 2464 inveniendum
1014 2417 1093 2464 vero
1115 2396 1148 2460 id
1172 2393 1259 2481 quod

78 2499 252 2588 quaerebat
271 2521 341 2572 non
363 2500 555 2578 sufficerent,
585 2500 787 2588 acquieseere
809 2521 874 2568 non
894 2503 1007 2586 potuit,
1035 2520 1095 2566 nee
1116 2498 1149 2565 ai
1168 2497 1260 2586 quid·

78 2627 176 2694 quam
210 2607 380 2690 antiquius¹
400 2627 470 2672 essa
502 2602 626 2682 debuit,
666 2624 760 2692 quam
783 2603 844 2673 ista
869 2624 1043 2690 quaerere,
1080 2605 1114 2670 in
1144 2601 1258 2688 quibua

78 2709 180 2776 totius
195 2708 414 2796 disputationis
426 2717 575 2793 tanquam
586 2706 682 2774 cardo
696 2715 889 2776 verteretur.
924 2707 973 2776 ef.
996 2705 1051 2774 lib.
1065 2710 1164 2794 .11.,p.
1185 2709 1258 2784 358,

78 2815 114 2878 C.
139 2817 214 2878 358.
237 2818 272 2881 Β.
295 2813 348 2878 all.
372 2833 443 2878 eum
463 2815 526 2898 hoe
546 2811 629 2878 loeo.
674 2801 722 2878 Ae
735 2809 821 2877 mihi.
834 2831 959 2898 semper
979 2811 1095 2880 mirum
1114 2809 1258 2878 accidere

76 2917 173 2994 solety
192 2919 246 3002 qui
260 2915 315 2984 liat
333 2923 368 2998 ut
386 2915 517 2990 Glauco,
539 2914 769 3001 quitantopere
780 2913 1140 3002 reprehenderet-‘qued
1152 2935 1258 2982 sermo

76 3020 119 3087 de
143 3019 283 3086 institiae
307 3019 339 3087 vi
369 3026 402 3085 et
423 3027 547 3086 natura.
560 3039 673 3104 parum
698 3027 845 3086 accurate
869 3019 1056 3105 plerumque
1081 3019 1259 3086 instituere·

76 3133 142 3201 tur,
174 3123 230 3208 qui
254 3122 469 3208 postulaverat
489 3145 509 3188 a
533 3125 660 3190 Socrate
681 3130 718 3190 ut
741 3143 807 3190 nou
826 3122 975 3209 vulgares
992 3121 1128 3190 iustitiae
1148 3102 1258 3188 laudas

77 3227 259 3313 proferret,
289 3231 346 3294 sed
374 3225 504 3294 doceret
526 3226 627 3312 qualis
653 3247 731 3294 vere
754 3238 837 3294 esset
862 3233 894 3292 et
909 3247 976 3313 per
1000 3248 1035 3292 se
1061 3227 1144 3304 sola,
1176 3246 1260 3292 nune

78 3329 269 3398 suhit0.tam
285 3351 397 3416 parum
420 3330 578 3402 accuratis
600 3329 871 3417 disputationibus
884 3331 1075 3398 satisfactum
1091 3329 1133 3396 iri
1154 3329 1260 3396 deela-

76 3441 150 3503 ret?
195 3433 395 3500 Namarini
421 3441 533 3500 natura
555 3454 620 3500 nan
644 3443 732 3504 recte
752 3434 925 3522 explicata.
957 3455 1016 3501 nee
1041 3439 1081 3500 de
1105 3434 1257 3502 virtutum

76 3559 223 3608 numero.
237 3545 332 3624 atque
357 3547 470 3604 natura
490 3535 614 3605 definiri
636 3537 808 3624 quidquam
829 3545 943 3624 potest.
964 3573 1008 3588 -
1028 3537 1168 3604 Eandem
1191 3556 1258 3604 ser·

77 3642 186 3710 monis
212 3641 454 3708 inconstantiam
483 3641 746 3728 deprehendimus
773 3646 806 3708 in
834 3663 890 3720 eo,
921 3641 1016 3730 quod
1041 3641 1137 3709 medo
1162 3662 1259 3708 omne

77 3744 239 3836 iudicium*
260 3744 302 3832 de
324 3744 442 3814 iustitia
464 3745 498 3810 in
520 3744 644 3812 civitate
664 3745 792 3826 inventa
811 3751 949 3832 pendere
966 3746 1092 3814 dixerat
1112 3745 1151 3812 de
1170 3745 1260 3824 iusti-

42 3855 46 3860 '
77 3851 122 3916 tia
148 3852 183 3914 in
203 3849 310 3916 animo
337 3847 530 3936 indaganda,
563 3853 696 3932 Μηδὲν,
728 3836 769 3932 ἦν
790 3846 822 3917 δ’
848 3845 925 3936 ἐγώ,
953 3859 1003 3916 πω
1025 3846 1112 3917 πάνυ
1134 3850 1260 3936 παγίως

79 3951 166 4022 αὐτὸ
189 3957 332 4040 λέγωμεν
352 3979 381 4019 κ.
402 3977 434 4026 τ..
457 3955 491 4034 ἑ,
515 3959 548 4018 et
566 3952 651 4039 quod
671 3975 764 4030 nune,
788 3957 870 4020 hane
889 3953 928 4020 de
942 3952 1040 4021 animi
1059 3952 1259 4021 facultatibus

79 4056 325 4145 disputationem
350 4077 414 4124 non
439 4055 586 4124 sulficere
616 4056 777 4133 declarans
809 4063 850 4124 ad
881 4077 993 4126 verunt
1018 4056 1258 4138 inveniendum,

79 4161 159 4230 nihil
186 4161 270 4226 ultra
290 4161 423 4247 quaerit.
985 4216 988 4226 .

108 4351 111 4361 Ι
166 4264 290 4334 Danda
310 4269 396 4336 haue
408 4265 450 4336 ¹in
468 4263 566 4338 marn
590 4285 651 4336 nes
669 4264 749 4339 illud
763 4265 880 4338 nullisne
903 4263 1060 4344 momenti
1083 4274 1144 4348 att,
1172 4263 1259 4354 quud
