3296 5232
570 423 622 448 ..-
656 397 726 462 3131
759 425 810 448 ...ι

99 555 223 644 optima
242 573 388 643 quaeque
398 553 542 644 ἰιιξειιίιι,
569 577 652 644 quae
668 556 752 624 mele
774 559 966 635 educentur,
992 549 1131 642 ρεεείιιιι
1150 549 1288 626 ειεδοεεί

98 660 225 728 asserit.
266 663 344 726 Nem
370 656 412 728 τά
430 657 560 747 μεγάλα
582 657 773 749 ἀδικήματα
794 669 1032 748 extremamque
1056 660 1229 749 nequitiam
1245 679 1289 727 er

98 768 154 830 his
182 763 367 848 procedere.
405 762 451 830 Cf
480 763 759 850 lib.v1p.eel
783 768 828 832 St.
868 767 990 851 Λαβοῶ
1020 766 1153 843 τοίνυν,
1183 751 1284 847 ῆνδ

99 864 182 954 ἐγῶ,
204 860 285 936 ὅλου
307 863 410 938 αὐτοῦ
432 864 563 958 ὀρθῶς,
587 874 643 937 καί
665 893 721 938 σοι
743 864 879 990 εὔδηλόν
900 893 935 936 τε
958 874 1114 992 φανεῖται
1145 873 1203 936 καὶ
1225 863 1286 936 ούιι

98 968 216 1040 ἄτοπα
238 967 383 1054 δόξει
347 997 389 1039 τα
410 975 631 1094 προειρημένα
657 979 729 1066 περὶ
760 969 877 1042 αὐτῶν.
915 975 995 1052 Πῶς
1016 959 1092 1055 οὖν,
1120 972 1206 1065 ἔφη,
1234 996 1289 1040 κει

96 1071 222 1158 λεύειςς
244 1063 437 1158 Παντὸς,
417 1099 458 1157 ην
473 1071 523 1142 δ”
507 1072 583 1199 εγῶ,
606 1079 795 1166 σπέρματος
808 1073 919 1167 πέρι”
897 1103 918 1159 η
932 1077 1056 1166 φυτοῦ,
1080 1077 1143 1143 εἴτε
1155 1076 1287 1202 ἐγγείων

96 1180 164 1247 εἴτε
186 1179 248 1246 τῶν
262 1175 409 1262 ζώων,
390 1201 492 1268 ισμεν,
508 1170 560 1248 ότι
577 1177 671 1267 τὸμὴ
687 1178 786 1268 τυχόν
788 1181 938 1308 τροφῆς
941 1169 984 1266 ῆς
994 1175 1153 1301 προσήκοι
1168 1174 1284 1300 έκάςιμ,

94 1277 183 1373 μήδ’
218 1273 308 1373 ῶρας
338 1285 420 1370 μηδὲ
450 1278 572 1361 τόπου,
606 1275 673 1377 όσιμ
704 1281 746 1352 ἀν
781 1283 1033 1403 έρρωμενὲςερον
1067 1269 1103 1404 6,
1137 1277 1286 1375 τοσούτῳ

95 1381 260 1454 πλειόνων
281 1389 368 1455 ἐνδεῖ
385 1387 449 1454 τῶν
468 1381 667 1475 πρεπόντων
689 1382 816 1480 ἀγαθῶ
837 1382 908 1477 γάρ
924 1411 989 1455 που
1011 1384 1115 1454 κακὸν
1133 1353 1287 1455 ἐναντιῶ-

96 1513 197 1582 τερον
224 1486 246 1573 6
273 1489 320 1583 '66
347 1487 393 1576 μὴ
422 1485 556 1618 ἀγαθῷ.
588 1491 668 1571 Πῶς
695 1487 728 1558 δ’
753 1489 810 1573 o6,·
831 1488 923 1580 Εχει
953 1487 1010 1573 δὴ,
1043 1481 1155 1611 οἶμαι,
1184 1486 1286 1578 λόγον

96 1591 159 1676 τὴν
180 1589 297 1684 ἀρίςην
319 1589 422 1688 φύσιν
443 1595 477 1663 ἐν
497 1590 744 1686 ἀλλοτριωτέρα
773 1582 877 1662 οάσαι
903 1595 1016 1721 τροφῆ
1039 1590 1157 1664 κάκιον
1178 1590 1286 1662 ἀπαλ.

97 1692 232 1764 λάττειν
252 1698 309 1780 τῆς
331 1692 475 1820 φαύλης
511 1694 621 1786 Ἔχει.
649 1693 790 1778 Οὐκοῦν,
812 1684 954 1784 ῆνδ’ἱ
938 1695 1019 1784 εγίι,
1043 1724 1067 1764 ω
1052 1685 1283 1788 Ἀδείμαντε,

97 1806 157 1868 καὶ
178 1797 237 1879 τάς
257 1799 371 1894 ψυχάς
393 1793 478 1868 οίίτω
500 1802 613 1895 φῶμεν
634 1797 694 1880 τάς
715 1795 922 1894 εάφνεςάτας
936 1803 1043 1926 κακῆς
1056 1803 1286 1890 παιδαγωγίας

97 1899 265 1993 τυχούσας
295 1900 521 1998 διαφερόντως
555 1903 658 1984 κακός
690 1901 945 1991 γίγνεσθαι;
919 1935 941 1992 η
988 1906 1049 1972 οἴει
1082 1902 1125 1972 τά
1156 1902 1285 1994 μεγάλα

99 2003 292 2096 ἀδικήματα
313 2015 371 2099 καὶΙ
392 2005 453 2096 τῆν
474 2005 620 2098 ἀκρατον
646 2009 819 2099 πονηρίαν
837 2011 871 2076 ἐκ
893 2004 1040 2102 φαύλης,
1071 2005 1141 2077 ἀλλ’
1167 2007 1227 2078 οὐκ
1250 2013 1286 2080 ee

97 2113 250 2199 νεανικῆς
270 2108 401 2205 φύσεως
421 2113 530 2207 τροφῇ
552 2115 743 2200 διολομένης
763 2113 960 2199 γίγνεσθαι,
983 2107 1117 2200 ἀσθενῆ
1131 2115 1165 2180 δὲ
1182 2110 1285 2208 φύσιν

98 2210 249 2303 μεγάλων
269 2212 344 2284 οὔτε
365 2211 511 2302 ἀγαθῶν
532 2213 607 2296 οὔτε
629 2217 737 2300 κακῶν
763 2212 874 2284 αἰτίαν
899 2224 980 2284 ποτε
1002 2216 1165 2299 ἔσεσθαι;
1200 2215 1284 2302 Ούκ,

102 2314 204 2442 ἀλλὰ,
225 2305 248 2404 ῆ
270 2316 303 2388 δ’
323 2309 379 2400 ός,
402 2310 519 2400 οὕτως.
556 2314 625 2388 Ἢν
636 2321 745 2388 τοίνυν
757 2319 878 2407 ἔθεμεν
889 2323 949 2389 τοῦ
965 2314 1158 2414 φιλοσόφον
1171 2317 1284 2443 φύσιν,

101 2418 150 2489 ἀν
166 2429 242 2509 μὲν,
265 2414 376 2510 οἶμαι,
398 2419 584 2510 μαθήσεως
604 2419 835 2548 πρασηκούσγχς
855 2418 952 2519 τύχη,
977 2420 1022 2502 εἰς
1040 2420 1285 2513 πάσανάρετῆν

98 2521 226 2612 ἀνάγκη
257 2523 479 2614 αὐξανομένην
512 2522 749 2617 ἀφικνεῖσθαι,
782 2523 838 2594 έάν
871 2530 906 2594 δὲ
933 2523 979 2617 μὴ
1007 2528 1041 2595 ἐν
1068 2525 1283 2649 προσηκούσῃ

97 2625 265 2756 σπαρεῖσά
285 2653 320 2698 τε
341 2635 397 2698 καί
420 2633 632 2750 φυτευθεῖσα
652 2633 832 2722 τρέφηται,
856 2626 902 2710 εἰς
922 2625 1031 2698 πάντα
1045 2626 1204 2699 τάναντία
1219 2620 1281 2710 66,

97 2729 157 2800 ιάν
176 2729 222 2820 μή
246 2758 296 2814 τις
317 2729 402 2829 αὐτῇ
422 2728 604 2820 βοηθήσας
626 2734 717 2801 θεῶν
732 2728 822 2828 τύχη.
872 2731 924 2802 Τά
939 2730 1068 2822 μεγάλα
1083 2744 1188 2802 eutem
1211 2731 1284 2804 ἀδι-

96 2831 232 2924 κήματα
248 2846 321 2905 sunt
333 2838 457 2904 Platoni
472 2837 633 2904 civitatum
648 2839 843 2904 eversiones.
878 2837 926 2904 cf.
943 2837 999 2906 lib.
1019 2841 1071 2911 IV.
1089 2858 1122 2927 p.
1135 2837 1214 2906 λδῐι.
1235 2842 1281 2906 st.

183 2941 256 3008 Alio
277 2941 349 3008 1060
374 2941 463 3008 Pleto
488 2940 649 3008 civitatum
672 2941 804 3008 salutem
823 2946 964 3026 pendere
992 2942 1069 3009 dicit
1090 2943 1283 3012 eb¹internis

98 3043 235 3122 divitiis,
259 3045 323 3112 vite
344 3043 428 3112 hone
449 3053 481 3111 et
505 3047 671 3133 prudenti3
698 3048 861 3111 interitum
879 3067 898 3112 ε
923 3046 1057 3130 penurie
1079 3047 1279 3115 internorum

97 3147 276 3226 honorum,
299 3170 382 3238 quae
397 3152 437 3216 sit
452 3152 485 3216 in
506 3149 684 3216 rectoribus
707 3148 878 3215 civitatum.
917 3148 965 3215 Cf.
989 3151 1044 3216 lib.
1062 3151 1128 3217 VII.
1150 3172 1183 3239 p.
1199 3156 1274 3218 521.

96 3252 144 3318 in
162 3253 206 3318 st.
232 3278 262 3320 ει
256 3248 342 3340 ’μὲν
362 3252 498 3339 βίονξ
465 3247 643 3343 εευρῆσεις
672 3247 790 3340 ἀμείνω
812 3255 873 3320 τού
894 3249 1004 3343 ἀρχειν
1020 3259 1090 3333 τοῖς
1103 3258 1280 3381 μέλλουσιν

97 3351 230 3477 ἄρξειν,
261 3355 309 3434 ἔςι
330 3379 384 3424 σοι
413 3353 537 3439 δυνατὴ
558 3317 721 3444 γενέσθάι
748 3351 844 3436 πόλις
865 3344 900 3425 6
931 3354 1113 3446 οἰκουμένη·
1143 3361 1176 3426 ἐν
1195 3355 1281 3454 μόνη

96 3455 163 3550 γάρ
189 3455 272 3554 αὕτη
257 3455 453 3549 ἄρξουσιν
479 3463 512 3526 οἱ
533 3462 578 3553 τῷ
601 3457 672 3528 όντι
694 3457 865 3543 πλούσιοι,
895 3456 934 3529 ού
960 3463 1125 3590 χρυσίρν,
1146 3459 1216 3530 ἀλλ’
1241 3452 1282 3531 66

98 3565 151 3631 δεῖ
174 3560 233 3630 τὸν
261 3557 442 3650 εὐδαίμονα
469 3529 637 3644 πλουίεῖν,
671 3566 756 3650 ζωῆς
782 3561 921 3651 ἀγαθῆς
954 3590 988 3632 τε
1017 3570 1073 3632 καὶ
1106 3565 1280 3659 ἔμφρονος·

96 3691 127 3734 ει
121 3662 184 3734 δέ
205 3673 327 3756 πτωχοὶ
349 3672 405 3733 και
426 3670 595 3745 πεινῶντες
617 3664 762 3753 ἀγαθῶν
784 3665 911 3736 ἰδίων’
895 3673 946 3736 ενιί
969 3665 1010 3736 τά
1031 3663 1210 3757 δημόσια’
1191 3693 1282 3738 ιασιυ

96 3771 254 3838 ἐντεῦθεν
276 3765 420 3858 οἰόμενοι
441 3765 600 3857 τάγαθόν
622 3773 688 3838 δεῖν
710 3766 883 3863 ἁρπάζειν,
907 3768 967 3840 οὐκ
981 3771 1042 3851 έςι·
1057 3767 1280 3863 περιμάχητον

95 3871 162 3965 γάρ
184 3870 223 3940 τὸ
246 3869 357 3994 ἀρχειν
378 3868 583 3962 γιγνόμενον,
607 3871 725 3954 οἰκεῖος
747 3872 791 3943 ῶν
812 3880 867 3942 καὶ
891 3876 984 3943 ἔνδον
1006 3871 1024 3943 6
1047 3878 1199 3957 τοιοῦτος
1220 3873 1280 3944 πό-

94 3981 197 4065 λεμος
219 3972 340 4054 αὐτούς
360 4001 394 4044 τε
416 3972 579 4045 ἀπόλλυσι
600 3983 656 4045 καὶ
678 3975 739 4064 τῆν
768 3975 874 4061 ἀλλην
895 3975 1005 4048 πόλιν.
1045 3974 1280 4063 Ἀληθέςατα,

96 4081 172 4173 ἔφη.
212 4078 436 4158 Conferee,
411 4103 439 4147 ει
467 4084 591 4167 placet,
621 4102 694 4150 cum
720 4081 769 4150 his
798 4104 836 4151 οε
865 4104 947 4171 quae
967 4080 1024 4151 lib.
1046 4086 1129 4157 v111.
1150 4104 1183 4172 p.
1203 4086 1278 4152 567.

95 4187 143 4252 st.
168 4185 329 4270 leguntur.

182 4285 282 4356 Libro
301 4305 381 4358 vero
403 4293 592 4380 septimop.
614 4293 688 4360 536.
717 4294 761 4360 st.
784 4301 890 4367 mente
909 4300 943 4362 et
965 4290 1116 4362 membris
1137 4291 1278 4382 integros
