3344 5234
898 403 1110 471 ...38-

410 579 526 656 Quare,
549 580 584 640 ut
604 585 674 640 rem
696 571 842 656 exemplo
864 571 1066 647 illustremus,
1089 575 1115 637 si
1129 573 1311 656 perfectam,
1334 593 1456 638 summa
1469 574 1578 638 virtute

410 690 440 747 et
462 675 824 761 beatitatepraeditam,
854 675 1013 741 civitatem
1041 675 1220 742 describere
1241 677 1337 752 velis,
1366 679 1578 759 exponendum

411 783 538 870 quidem
569 787 634 857 est,
666 783 698 845 in
727 801 789 864 qua
817 801 853 845 re
883 780 984 845 omnis
1006 783 1106 845 virtus
1129 789 1161 846 et
1182 778 1314 846 beatitas
1336 781 1498 854 consistat,
1527 801 1580 845 nee

410 908 504 964 vero,
529 888 555 950 si
578 887 706 970 quidem
720 883 879 968 dialogum
894 881 1044 958 scribere,
1066 886 1087 948 i.
1104 905 1131 948 e.
1148 888 1302 949 sermonis
1318 882 1490 968 quotidiani
1502 884 1579 967 leges

409 993 444 1056 in
466 991 677 1073 disputatione
699 989 870 1052 observare
892 987 989 1064 velis,
1025 995 1117 1052 antea
1138 987 1427 1070 pronunciandum,
1455 986 1580 1051 terelle

409 1095 581 1180 perfectam
603 1092 760 1156 civitatem
781 1087 978 1166 describere,
1015 1085 1063 1166 et,
1097 1093 1244 1178 quoniam
1265 1091 1298 1155 id
1320 1090 1412 1155 aliter
1433 1089 1502 1154 lieri
1522 1109 1580 1155 nou

411 1197 528 1284 possit,
551 1199 689 1280 primum
713 1194 889 1276 explicare,
915 1193 991 1279 quid
1014 1196 1053 1258 sit
1075 1195 1203 1272 iustitia,
1228 1193 1354 1270 deinde,
1377 1198 1437 1259 hae
1458 1214 1493 1258 re
1515 1193 1591 1258 satis'

413 1301 579 1385 explicata,
604 1297 760 1364 civitatem
784 1305 932 1362 eutruere
954 1318 1110 1362 sermone.
1154 1297 1259 1372 Vides,
1282 1296 1314 1362 id
1329 1299 1356 1361 si
1368 1295 1441 1373 fiat,
1465 1318 1581 1362 omnem

409 1407 475 1470 rim
497 1402 702 1485 dramatieam
724 1404 874 1479 interire3
904 1403 1096 1465 audientium
1116 1397 1410 1484 exspectationem,
1440 1421 1582 1484 quorsum

413 1509 519 1573 omniu
541 1502 665 1570 abitura
687 1505 765 1580 sint,
788 1505 875 1582 tolli;
899 1525 1001 1589 neque
1025 1507 1178 1569 sermonis
1201 1503 1375 1590 quotidiani
1397 1501 1520 1568 facilem
1541 1501 1583 1567 in·

413 1609 558 1676 stabilem
586 1605 761 1692 vagamque
791 1610 960 1682 rationem,
995 1611 1050 1672 sed
1087 1615 1228 1672 strenuas
1261 1615 1465 1692 austerasque
1499 1605 1584 1670 disci·

399 1713 519 1798 -plinae
547 1712 633 1796 leges
660 1710 833 1778 observari.
877 1715 957 1795 Apta
985 1718 1068 1775 esset
1088 1710 1166 1775 baec
1188 1713 1270 1775 ratio
1292 1713 1400 1792 operi,
1431 1713 1513 1796 quod
1534 1731 1584 1773 vo·

413 1825 493 1892 eant,
516 1818 725 1904 systematico,
747 1815 779 1878 in
802 1837 864 1899 quo
886 1822 1031 1879 auctores
1054 1832 1149 1897 saepe
1170 1811 1374 1897 profitentur,
1395 1835 1430 1879 se
1445 1815 1583 1878 hancve}

412 1920 498 1986 illam
527 1901 725 2002 disciplinam
746 1921 869 1984 ratione
897 1925 929 1982 et
955 1918 1007 1982 via
1030 1921 1155 1982 tradere
1177 1915 1287 1992 uelle,
1304 1921 1475 2002 operisque
1497 1916 1582 1981 finem

415 2031 510 2109 atque
533 2023 713 2099 consilium,
746 2024 875 2106 eiusque
897 2023 929 2084 in
951 2019 1059 2104 partes'
1081 2020 1332 2089 distributionem
1355 2024 1513 2086 ordientes
1535 2023 1584 2084 de·

416 2125 558 2193 scribere
580 2125 691 2192 solent.
726 2127 848 2190 'Sermo
863 2124 1013 2208 vulgaris,
1037 2128 1090 2210 qui
1106 2125 1238 2209 dialogis
1253 2125 1451 2209 exprimitur,
1475 2121 1514 2190 ab
1528 2145 1584 2188 una

415 2230 520 2314 aliqua
541 2251 577 2294 re
598 2231 762 2294 fortuitum
784 2230 907 2294 initium
930 2248 1045 2311 capere
1067 2229 1155 2302 solet,
1182 2249 1247 2293 uon
1268 2232 1497 2312 praemeditato
1519 2235 1584 2292 ante

413 2334 529 2419 reliqui
552 2333 706 2400 sermonis
730 2335 857 2408 ordine,
881 2353 939 2396 nee
961 2334 994 2396 in
1015 2340 1122 2415 partes
1144 2330 1374 2397 distributione.
1420 2325 1585 2398 Maereba-

411 2465 492 2526 μαι,
515 2437 590 2530 ἔφη,
611 2436 815 2503 σκοπεῖσθαί
837 2458 882 2514 σε,
906 2437 966 2501 εἴτε
982 2432 1249 2561 παραδεξόμεθα
1272 2437 1460 2560 cpoprpdc'cw
1482 2459 1515 2500 τε
1536 2437 1585 2499 κα)

414 2536 640 2632 κωμῳδίαν’
609 2566 654 2619 εις
676 2559 734 2621 την
749 2535 885 2606 uelis
861 2563 922 2605 ecre
937 2563 992 2604 και
1007 2564 1056 2606 ου
1081 2535 1186 2616 Ἴσως,
1211 2525 1346 2619 ἦαι)”
1331 2536 1401 2624 εγὼ,
1424 2543 1479 2604 ναι
1493 2539 1585 2604 aleco

415 2643 463 2710 ἔτι
486 2639 624 2710 τούτων·
648 2639 686 2709 οὐ
709 2669 772 2732 γαρ
792 2639 876 2724 ὃὴ’
859 2669 872 2708 e
874 2645 1027 2728 ywpe'uw
1050 2632 1141 2707 οἶδα
1164 2635 1288 2707 αλλ’“
1270 2667 1343 2722 oser]
1366 2639 1411 2708 ἂν
1434 2637 1453 2708 ὁ
1476 2637 1586 2725 λόγος

416 2738 580 2835 ὥσπερ
573 2748 732 2829 πνεῦμα
755 2750 872 2840 φέρῃ,
896 2741 1023 2838 ταύτῃ
1047 2740 1165 2811 ἰτέον.
1188 2743 1228 2809 ef
1253 2743 1308 2808 lib
1332 2747 1386 2814 111.
1409 2745 1529 2829 past,
1552 2745 1584 2806 Ι).

415 2859 447 2916 et
467 2853 563 2934 primi
586 2848 658 2915 libri
678 2849 775 2915 finem
786 2849 818 2931 *.)
1023 2867 1025 2874 ·

500 2959 601 3020 Ροιι·ο
632 2956 759 3038 gravius
785 2951 886 3018 videri
916 2949 1010 3017 debet
1037 2973 1105 3018 esse
1134 2954 1349 3036 propositum,
1383 2973 1479 3035 quam
1509 2950 1586 3035 quod

415 3059 568 3124 sermonis
591 3056 751 3122 familiaris
772 3056 913 3136 facilitati
941 3055 1150 3138 respondeat,
1183 3059 1222 3120 de
1252 3057 1370 3138 optima
1397 3056 1523 3119 civitate
1549 3055 1587 3115 ita

417 3162 498 3229 velle
521 3161 628 3227 dicere
649 3163 745 3245 idque
767 3168 839 3224 ante
861 3159 1090 3243 pronunciare,
1113 3169 1148 3224 nt
1169 3180 1277 3225 omnes
1299 3166 1405 3242 partes
1428 3161 1513 3232 eius,
1535 3154 1586 3219 mi·

357 3323 359 3330 .
417 3266 521 3330 nimae
544 3267 713 3338 maritimae,
745 3271 890 3348 accurate
913 3273 1110 3331 enarrentur.
1156 3266 1257 3342 Quam
1286 3261 1328 3328 ob
1357 3283 1483 3326 eausam
1513 3262 1586 3326 adeo
1649 3341 1650 3356 χ

417 3369 510 3434 huius
542 3371 696 3434 sermonis
724 3369 972 3452 magnitudinem
1001 3383 1153 3432 excusare
1184 3368 1346 3431 Platonem
1380 3365 1522 3431 videmus
1551 3395 1587 3409 -

417 3463 512 3557 οἶμαι
538 3481 598 3557 μὲν
628 3469 692 3559 γὰρ
723 3467 781 3537 οὐκ
813 3468 923 3554 ὀλίγον
950 3471 1047 3558 ,ἔργον
1076 3468 1158 3537 αὐτὸ
1181 3461 1327 3536 εἶναι-
1349 3476 1588 3552 etpraeparare

417 3576 588 3660 legentium
611 3578 744 3650 animos,
769 3595 808 3639 ne
830 3571 960 3639 nimium
982 3577 1048 3650 diu,
1073 3575 1181 3640 relicta
1196 3576 1381 3658 quaestione
1403 3575 1443 3636 de
1466 3571 1587 3639 iustitia,

417 3678 450 3742 in
471 3675 644 3762 Republica
666 3679 787 3743 versari
809 3679 961 3744 videatur.
1001 3679 1117 3764 Ι(Ιοιιῑιιι
1139 3677 1216 3742 nibil
1231 3679 1488 3761 reprehensionis
1503 3671 1588 3738 babe-

416 3779 480 3856 bit,
511 3784 537 3846 si
559 3787 629 3868 quis
650 3782 818 3858 iustitiam,
853 3803 912 3867 per
941 3803 1034 3868 quam
1051 3781 1094 3846 ita
1115 3785 1154 3845 ad
1176 3781 1405 3863 rempublicam
1427 3777 1588 3844 facillimus

417 3945 709 3956 ——un—

484 4045 510 4104 *l
529 4049 571 4100 (ἶ).
593 4049 647 4100 Cic.
670 4049 744 4100 Brut.
765 4061 789 4100 c.
809 4049 861 4098 22:
884 4048 1037 4110 «sequetur
1056 4054 1086 4098 ut
1105 4049 1234 4110 culosque
1253 4048 1357 4112 generis
1372 4052 1433 4098 noto
1448 4049 1587 4108 quaeretur

418 4145 444 4190 et
463 4138 582 4190 termula.
621 4139 746 4202 Magnum
776 4151 841 4200 opus
871 4145 896 4188 et
921 4139 1033 4188 arduum
1059 4143 1088 4189 ut
1113 4150 1191 4198 saepe
1211 4141 1261 4188 tam
1282 4137 1412 4187 diximus:
1441 4137 1487 4188 sed
1507 4138 1588 4194 ingre-

416 4229 552 4296 dientibus
572 4228 795 4294 considerandum
817 4228 875 4287 tutt,
898 4229 961 4289 qutd
975 4237 1122 4292 egeremus,
1143 4239 1213 4278 nune
1227 4227 1335 4292 qutdern
1349 4228 1411 4281 iarn,
1432 4234 1586 4290 quocunqne

413 4317 540 4381 terantur,
560 4319 645 4369 danda
665 4322 789 4370 nanuum
811 4318 866 4368 vela
886 4323 983 4369 sunt.»
