3298 5232
557 391 788 461 ·2155„

74 551 214 640 primum
234 555 342 622 Cretes
358 558 451 641 atque
471 550 712 620 Lacedaemonii
727 553 896 639 gymnasiis
912 550 1056 620 exerceri
1070 550 1257 638 coepissent.

74 660 116 722 At
145 657 277 723 desiisse
298 657 447 744 paulatim
468 657 547 735 ista,
583 677 679 743 quum
703 657 827 724 ratione
852 656 996 741 persuasi
1016 654 1259 732 intellexissent,

73 761 190 827 melius
217 782 287 828 esse
312 760 425 828 nudari
448 783 544 847 quam
573 761 683 828 velari.
728 763 808 826 Tum
837 765 962 848 quaerit
987 759 1097 832 fierine
1123 779 1160 824 ea
1186 779 1262 844 pos·

73 864 158 930 sint:
185 849 258 954 Ἆρ’
284 851 342 935 οὖν
364 860 403 930 οὐ
425 866 556 952 πρῶτον
576 866 751 950 piovenire
772 870 846 956 περὶ
861 859 969 932 αὐτῶν
985 859 1259 949 ἀνομολογητέον,

73 965 105 1034 εἰ
125 964 270 1049 δυνατὰ,
301 964 322 1050 ἢ
345 963 399 1046 ού,
429 973 485 1034 καὶ
508 970 623 1034 δοτέον
644 962 912 1058 ἀμφισβήτησιν,
945 967 1008 1034 εἴτε
1031 991 1080 1045 τις
1101 964 1261 1059 octonal-

73 1095 168 1158 σμων
189 1073 252 1141 εἴτε
276 1068 521 1150 σπουδαστικὸς
543 1073 655 1138 ἐθέλει
677 1066 950 1161 ἀμφισβητῆσαι,
973 1064 1113 1161 πότερον
1133 1064 1260 1150 δυνατὴ

75 1171 183 1268 φύσις
204 1168 224 1255 ἡ
248 1169 465 1264 ἀνθρωπίνη,
491 1168 511 1255 ἡ
534 1175 674 1256 dulcio,
704 1176 743 1268 τῇ
765 1175 826 1242 τοῦ
847 1171 985 1266 ἀῤῥενος
1005 1177 1119 1259 γένους
1146 1197 1261 1242 κοινω-

71 1280 176 1359 νῆσαι
195 1273 242 1356 εἰς
264 1269 396 1346 ἅπαντα
419 1275 461 1343 τά
482 1276 581 1367 ἔργα,
604 1273 625 1359 ἢ
647 1271 717 1345 ouri
743 1273 788 1356 εἰς
808 1271 859 1359 έν,
883 1273 903 1360 ἢ
926 1274 976 1358 εἰς,
992 1274 1035 1344 τά
1055 1283 1117 1361 μέν
1138 1271 1194 1346 o't'ct
1215 1299 1260 1352 τε,

71 1377 120 1460 εἰς
142 1384 179 1448 δὲ
195 1378 244 1451 τά,
260 1376 310 1458 ού,
334 1387 387 1448 καὶ
413 1382 510 1448 τοῦτο
534 1378 574 1463 δὴ
596 1378 635 1448 τὸ
658 1386 730 1472 περὶ
753 1377 811 1448 τὸν
831 1377 976 1468 πόλεμον
997 1384 1143 1472 ποτέραν
1158 1380 1263 1460 έστίνς,

72 1473 125 1576 ἀρ’
162 1476 356 1572 σόη-οὕτος
384 1480 426 1552 ἀν
454 1481 618 1552 κάλλιστοί
634 1510 697 1564 ’τις
726 1479 905 1576 ἀρχόμενος
941 1479 984 1563 ὡς
1016 1479 1056 1550 τό
1087 1478 1173 1561 εἰκός
1187 1526 1189 1534 ¹
1205 1488 1262 1554 net

72 1586 240 1656 κάλλιστα
272 1583 489 1671 τελευτήσειε,
513 1583 619 1657 ’Πολύ
649 1614 703 1675 γε,
734 1587 810 1680 ἔφη.
856 1589 903 1654 of.
931 1609 964 1675 p.
998 1588 1070 1654 loo.
1101 1589 1146 1654 St.
1190 1589 1266 1654 uon

73 1693 271 1760 omittendus
293 1693 419 1759 videtur
447 1694 474 1757 is
501 1687 607 1768 Ιοοειε,
639 1690 696 1777 qni
722 1696 785 1761 iam
814 1694 973 1777 sequitur,
1009 1714 1051 1770 ex
1075 1712 1138 1778 quo
1168 1689 1262 1760 nobis

73 1796 206 1884 quidem
226 1804 313 1864 certe
337 1803 447 1880 patere
472 1795 612 1872 ridetur,
649 1799 730 1860 hano
756 1799 850 1864 etiam
879 1799 919 1862 de
946 1795 1135 1866 mulieribus
1154 1778 1262 1881 dispu-

72 1902 227 1966 tationem
252 1921 321 1966 esse
341 1921 406 1966 non
432 1898 680 1966 additamentum
708 1900 905 1965 extrinsecus
924 1898 1064 1966 additum
1081 1895 1173 1966 etan
1189 1898 1261 1984 ipso

72 2025 173 2091 scopo
200 2003 405 2092 Reipublicae
430 2003 582 2079 alienum,
610 2006 666 2068 sed
694 2005 852 2087 integram
877 2001 946 2084 eius
970 2009 1111 2090 perlem,
1142 2002 1263 2090 quippe

72 2127 172 2195 quam
191 2106 255 2174 iam
282 2109 374 2173 antea
398 2110 617 2195 explicandam
631 2108 755 2174 uiderit
777 2109 940 2184 Socrates,
972 2109 1029 2172 sed
1053 2115 1184 2193 propter
1202 2107 1263 2170 dif-

71 2213 247 2280 ficultatem
270 2211 431 2298 explicare
452 2210 602 2279 noluerit.
647 2211 778 2278 Etiamsi
798 2210 876 2276 haec
894 2216 1057 2297 postrema
1082 2231 1121 2276 ex
1145 2210 1262 2296 dialogi

73 2315 185 2382 indole
211 2313 345 2382 conficta
368 2314 448 2404 sint,
474 2318 561 2400 quod
583 2324 717 2401 propter
737 2315 952 2382 difficultatem
973 2314 1261 2399 quaestionis-eam

72 2442 144 2486 rem
171 2418 328 2505 explicare
352 2419 509 2496 noluerit,
548 2427 654 2485 tamen
676 2419 764 2503 prius
789 2418 866 2486 illud
895 2438 1009 2484 verum
1029 2426 1124 2503 puto,
1153 2417 1262 2541 provi-

73 2524 159 2592 disse
182 2525 344 2590 Socratem
364 2523 581 2610 explicandam
605 2543 675 2588 eam
698 2543 780 2589 esse.
831 2517 970 2588 Tocrir'³
955 2526 1036 2600 εςὶν,
1068 2545 1109 2602 ην
1131 2517 1164 2585 ὁ
1189 2515 1260 2605 ε’γύ,

73 2627 101 2694 ὠ
81 2615 300 2703 Ιλαύκων,
328 2631 384 2693 καὶ
408 2623 495 2692 ἀλλα
518 2621 626 2692 πολλὰ
647 2626 803 2702 τοιαῦτα,
834 2617 857 2690 ἀ
885 2620 967 2710 ἐγὼ
962 2619 1080 2690 πύλαι
1108 2624 1258 2711 προορῶν

73 2725 270 2824 ἐφοβούμην
299 2754 333 2798 τε
362 2734 417 2796 καὶ
444 2726 567 2798 ὤκνουν
594 2720 770 2796 ἅπτεσθαι
792 2752 850 2797 τον
874 2723 995 2813 νόμου,
1025 2728 1084 2794 τοῦ
1106 2731 1178 2845 περὶ
1202 2723 1261 2808 την

75 2835 143 2900 τῶν
162 2834 328 2920 γυναικῶν
350 2838 405 2900 καὶ
427 2833 553 2900 παίόοιν
575 2856 690 2915 κτησιν
712 2857 767 2900 και
794 2855 932 2926 τρσφην.
980 2825 1082 2898 Οὐ
1040 2858 1087 2918 μα
1107 2827 1163 2897 τὸν
1186 2831 1261 2912 Δία,

74 2939 150 3030 ἔφη·
174 2933 213 3005 οὐ
236 2934 301 3028 γάρ
324 2931 447 3028 εὐκόλῳ
470 2936 583 3003 ἔοικεν.
1165 2997 1168 3006 ,

161 3045 303 3110 Tandem
324 3061 458 3127 veronp
484 3041 555 3112 loo.
578 3043 621 3109 St.
643 3041 687 3106 ita
708 3038 882 3108 concludit:
911 3034 1106 3106 'Eon'stv
1083 3063 1162 3128 αρα
1191 3043 1260 3106 καὶ

74 3142 289 3240 φυλακικν
318 3140 436 3230 γυνὴ,
466 3171 486 3225 η
515 3139 545 3210 δ’
570 3139 629 3210 ού.
653 3171 674 3225 η
697 3169 743 3211 ου
767 3139 974 3225 τοιαύτην
996 3147 1066 3216 καὶ
1089 3144 1164 3208 τῶν
1185 3136 1262 3208 ἀν-

75 3250 194 3336 δρῶν,
224 3247 303 3321 τῶν
305 3246 581 3366 φυλακικῶν,
611 3242 743 3368 φύσιν
765 3248 872 3328 ἐξελε
879 3241 1071 3334 ξάμεθαε
1105 3239 1260 3314 Τοιαύ-

75 3378 148 3435 την
175 3359 247 3438 μὲν
274 3337 366 3418 οὖν.
401 3351 471 3416 Καὶ
492 3346 648 3436 γυναικός
669 3347 736 3441 ἀρα
763 3376 819 3417 και
845 3344 1011 3473 ἀνδρὸς
993 3377 1016 3434 η
1043 3343 1128 3430 αὐτη
1159 3343 1261 3441 φύσις

75 3452 120 3535 εἰς
143 3451 297 3547 φυλακην
317 3448 452 3532 πόλεως,
475 3441 602 3534 πλὴν“’
582 3476 647 3520 οσα
663 3449 933 3543 ἀσθενεστέρα
912 3481 933 3535 η
959 3450 1155 3543 ισχυροτέρα
1177 3452 1257 3517 ἐστι’.

82 3561 253 3628 Φαίνεται.
297 3559 367 3624 Καὶ
395 3561 546 3643 γυναῖκες
576 3553 642 3647 ἀρα
673 3561 709 3623 αἱ
741 3582 895 3624 τοιαυται
925 3561 995 3635 τοῖς
1017 3551 1181 3633 τοιούτοις
1203 3549 1261 3620 ἀν-

75 3659 195 3753 δράσιν
226 3662 388 3729 ἐκλεκτέαι
415 3664 575 3727 συνοικεῖν
605 3685 638 3727 τε
660 3665 717 3728 καὶ
738 3654 1047 3752 συμφυλάττειν,
1031 3660 1157 3747 επείπερ
1181 3653 1263 3724 εἰσὶν

75 3770 187 3834 ἱκαναὶ
209 3770 263 3832 καὶ
285 3763 444 3849 ξυγγενεῖς
466 3757 579 3840 αὐτοῖς
599 3759 659 3844 τὴν
681 3758 794 3855 φύσιν.
831 3759 929 3830 Πάνυ
944 3788 989 3880 γε.
1031 3759 1082 3837 Τά
1104 3757 1133 3828 δ’
1152 3761 1261 3842 ἐπιτη-

74 3865 224 3957 ὃεύματοι
247 3891 286 3935 ου
309 3864 351 3933 τόν
375 3862 462 3934 αὐτόν
483 3862 650 3932 ἀποδοτέα
673 3871 746 3945 ταῖς
768 3862 887 3944 αὐτοῖς
914 3861 1054 3958 φύσεσι,
1088 3861 1138 3932 Tot
1160 3858 1259 3930 αὐτό.

65 3966 269 4058 Ἥκομεν
254 3967 322 4060 α’ρα
352 3996 399 4048 εις
420 3966 493 4036 τά
484 3964 630 4061 πρότερα
653 3963 922 4063 περιφερόμενοι,
951 3974 1006 4036 καὶ
1035 3963 1261 4056 ὁμολογοῦμεν

70 4074 117 4166 μὴ
147 4070 242 4158 παρά
271 4069 374 4166 φύσιν
403 4063 487 4141 εἶναι
518 4079 591 4152 ταῖς
618 4074 682 4141 τάν
711 4067 868 4166 φυλάκοιν
895 4073 1023 4156 γυναιξὶ
1042 4069 1206 4160 μουσικήν
1227 4097 1261 4142 τε

71 4185 129 4246 καὶ
151 4173 377 4266 γυμναστικὴν
400 4172 608 4245 ἀποδιδόναι.
652 4172 858 4246 Παντάπασι
886 4183 946 4264 μὲν
976 4173 1045 4244 οὐν.
1093 4170 1214 4244 ου’κ”
1191 4201 1267 4266 αρα,

72 4277 226 4352 ἀδύνατά
253 4305 289 4368 γε
322 4275 398 4347 οὐδὲ
427 4277 538 4370 εὐχαις
566 4271 668 4368 όμοια
697 4279 979 4368 ἐνομοθετοῦμεν,
1017 4280 1144 4370 ἐπείπερ
1174 4274 1261 4346 κατά
