3312 5238
504 387 784 454 ·-·-¹ta-

81 544 189 632 ¹nique
210 537 424 633 voluptatibus
444 539 476 612 e't
495 543 930 630 timoribus,ridendnmque
952 562 1028 611 num
1047 543 1193 614 custodes
1218 541 1268 612 aui

88 653 152 715 sint
173 652 253 715 boni
275 655 306 715 et
327 649 466 716 mimicae
491 670 587 736 quam
609 650 793 726 didicerint,
818 649 989 716 concinnos
1011 656 1044 714 et
1062 667 1220 716 consonos
1233 649 1267 716 in

88 752 138 818 his
166 751 314 820 omnibus
343 773 378 820 se
401 757 609 841 praebentes,
642 751 752 839 quales
774 761 806 819 et
834 753 894 818 sibi
915 753 992 836 ipsis
1014 759 1045 818 et
1066 752 1184 820 civitati
1207 753 1268 820 uti-

86 855 202 922 lissimi
223 855 338 924 lorent.
385 856 447 936 Qui
471 857 504 924 iu
527 855 578 924 bis
599 855 746 923 omnihus
772 863 804 921 et
823 855 915 942 pueri
940 863 972 921 et
996 855 1210 923 adolescentes
1236 863 1269 920 et

86 960 152 1026 riri
172 960 329 1047 explorati
355 959 487 1038 fuerint,
516 969 548 1026 at
575 959 690 1046 integri
712 959 928 1037 discesserint,
954 979 1011 1026 ecs
1034 960 1268 1026 constituendos

86 1065 292 1147 magistratus
320 1063 455 1130 civitatis
476 1072 509 1128 et
529 1064 711 1140 custodum,
741 1071 774 1130 et
801 1062 1002 1129 honorandos
1024 1063 1266 1148 quovismodo.

87 1170 180 1234 Hanc
202 1167 300 1252 igitur
327 1165 515 1235 sibivideri
543 1187 612 1234 esse
640 1167 879 1252 magistratuum
903 1177 935 1234 et
954 1170 1119 1234 custodum
1142 1166 1270 1232 electio·

87 1291 166 1336 nem
190 1279 223 1336 et
244 1270 489 1350 institutionem,
527 1291 569 1337 nc
595 1268 779 1358 diligenter,
813 1273 869 1336 sed
891 1269 1068 1337 summatim
1089 1277 1208 1337 tantum
1231 1290 1269 1336 ea

88 1378 131 1441 de
151 1395 190 1440 re
212 1376 306 1452 dicat,
331 1370 374 1452 ὡς
396 1377 429 1443 ἐν
450 1370 550 1466 τύπῳ,
572 1371 617 1461 μὴ
640 1370 679 1440 δι’
703 1371 875 1464 ἀκριβείας
895 1370 1066 1463 εἰρῆσθαι.
1088 1373 1134 1442 Cf.
1147 1395 1180 1461 p.
1194 1375 1268 1451 dil,

88 1484 127 1546 Α.
153 1481 201 1545 st.
246 1481 314 1544 Hos
342 1478 439 1564 igitur
468 1499 544 1544 vere
565 1483 710 1546 custodes
731 1477 936 1564 appellandos
957 1499 1028 1544 esse
1048 1485 1170 1554 monet,
1197 1497 1269 1544 cum

89 1591 299 1650 externomm
321 1582 478 1659 bostium,
508 1589 576 1647 tum
596 1581 794 1648 internorum
815 1581 1007 1658 amicorum,
1040 1584 1269 1670 prospicientes

88 1695 124 1752 ut
145 1686 180 1753 bi
201 1686 313 1763 nolint,
336 1683 467 1754 illinon
489 1685 610 1772 possint
629 1683 827 1762 malefacere,
848 1685 1061 1755 adolescentes
1079 1707 1167 1762 raro,
1190 1705 1270 1774 quos

87 1789 187 1856 modo
209 1794 357 1858 rennues
378 1785 502 1872 dixerit,
530 1785 714 1856 auxiliarios
736 1781 768 1855 et
788 1791 948 1857 adiutores
970 1809 1081 1856 eorum
1103 1809 1184 1877 quae
1205 1809 1271 1858 ma-

88 1893 240 1980 gistratus
262 1893 469 1964 decreverint.
1174 1964 1178 1971 ,

178 1996 272 2076 Quod
300 1996 361 2064 hoc
380 1997 461 2064 loco
489 1997 596 2074 Plato,
631 2015 780 2062 sermone
809 1993 851 2062 de
877 1996 1043 2064 custodum
1064 1995 1217 2064 electione
1239 2005 1271 2064 et

89 2103 279 2170 educatione
300 2099 341 2168 ad
362 2099 456 2168 linem
479 2099 632 2177 adducto,
660 2105 700 2167 de
729 2099 961 2184 magistratibus
984 2100 1075 2178 dicit,
1109 2121 1215 2168 nonne
1237 2106 1270 2166 id

88 2214 279 2291 argumento
310 2225 380 2272 esse
407 2203 516 2281 dehet,
550 2224 730 2289 sermonem
757 2204 842 2270 circa
868 2204 1025 2272 civitatem
1047 2207 1191 2271 versarii
1235 2204 1270 2271 Si

81 2310 145 2398 ·qui
168 2309 252 2376 forte
271 2309 365 2386 inde,
389 2308 476 2396 quod
497 2307 584 2376 Plato
607 2307 705 2384 dicat,
729 2301 772 2385 ὡς
793 2309 827 2374 ἐν
847 2303 949 2398 τύπῳ,
969 2305 1015 2395 μὴ
1038 2304 1077 2374 δι’
1101 2304 1271 2398 ἀκριβείας

90 2411 267 2503 εἰρῆσθαι,
289 2411 493 2489 concludant,
516 2431 597 2497 quae
618 2411 670 2477 bic
691 2409 731 2477 de
749 2413 984 2495 magistratibus
1005 2411 1150 2478 dicantur
1170 2432 1214 2478 ea·
1229 2409 1270 2476 ab

90 2521 154 2584 boc
175 2516 247 2583 loco
271 2526 303 2584 et
323 2537 343 2584 a
364 2516 519 2584 sermonis
541 2514 674 2582 instituti
694 2535 774 2581 vero
795 2513 858 2580 line
880 2514 982 2581 alicua
1003 2535 1082 2592 esse,
1104 2533 1163 2582 nec
1178 2513 1270 2581 aliam

90 2625 133 2688 cb
157 2641 283 2686 causam
305 2628 369 2686 tam
390 2619 532 2686 breviter
553 2617 715 2704 explicari,
737 2617 761 2684 ii
783 2617 891 2694 sciant,
913 2615 1015 2684 rideri
1038 2620 1201 2686 Socrnem
1222 2623 1271 2686 bis

90 2725 200 2791 verbis
220 2723 355 2790 innuere
376 2733 408 2792 et
428 2739 620 2811 praeparare
642 2719 877 2808 quodammodo
898 2719 1123 2788 accuratiorem
1149 2721 1272 2806 plenio-

91 2849 227 2914 remque
250 2825 389 2894 einsdem
410 2827 459 2892 rei
481 2825 732 2913 euplicationem,
757 2843 840 2910 quae
855 2824 1003 2912 deinceps
1018 2824 1153 2902 dabitur,
1175 2837 1271 2913 atque

91 2931 249 3008 indicare,
286 2935 313 2996 si
337 2951 402 2998 non
431 2931 548 3016 dialogi
574 2930 662 3015 leges
691 2936 723 2994 et
751 2928 906 2995 sermonis
928 2928 1061 2995 instituti
1081 2929 1166 2996 ratio
1186 2929 1272 2996 alind

91 3035 256 3110 iuberent,
280 3055 321 3101 ex
344 3034 527 3121 disciplinae
548 3031 670 3117 legibus
692 3032 754 3099 iam
775 3035 837 3098 boc
858 3031 929 3098 loco
952 3031 1178 3099 accuratiorem
1201 3033 1269 3100 eius

91 3141 139 3202 rei
172 3135 416 3222 disputationem
444 3134 668 3202 instituendam
696 3134 804 3206 inisse.
852 3139 928 3201 Nam
956 3136 1053 3219 plane
1079 3136 1179 3202 omitti
1208 3139 1271 3201 boc

91 3240 165 3306 loco
186 3260 250 3306 non
272 3247 397 3323 poterat
418 3259 458 3304 ea
478 3238 631 3306 sermonis
652 3259 736 3326 pars,
759 3258 822 3326 qua
844 3238 883 3305 de
904 3237 1136 3325 magistratibus
1157 3242 1271 3326 agitur,

93 3341 154 3408 nisi
175 3342 443 3430 comparationem
465 3344 548 3410 inter
569 3342 725 3412 civitatem
747 3363 784 3408 ac
805 3341 954 3408 iustitiam
976 3343 1083 3418 altera,
1106 3350 1137 3409 et
1151 3340 1271 3428 gravis-

93 3446 174 3512 sima
197 3445 325 3532 quidem
345 3453 446 3532 parte,
469 3465 612 3512 mancam
635 3453 666 3512 et
686 3445 905 3530 imperfectam
927 3467 995 3512 esse
1017 3445 1123 3514 vellet.
1169 3448 1271 3525 Quem

93 3549 179 3616 cuim
201 3549 282 3616 ratio
303 3552 336 3616 iu
358 3548 481 3625 animo,
510 3549 646 3616 eundem
674 3549 706 3615 iu
733 3549 857 3618 civitate
878 3549 1078 3635 magistratus
1099 3551 1206 3618 locum
1225 3557 1272 3616 te

92 3661 179 3723 nent.
221 3656 322 3719 Porro
345 3674 442 3738 quum
464 3671 502 3719 eo
524 3656 677 3719 adductus
699 3660 781 3720 esset
802 3673 928 3729 sermo,
957 3661 993 3720 ut
1019 3655 1116 3722 totius
1138 3653 1271 3722 civitatis

93 3755 266 3841 descriptio
289 3763 320 3822 et
341 3756 375 3821 in
396 3766 504 3844 partes
524 3756 656 3833 divisio,
688 3777 728 3822 ex
754 3755 871 3822 iustitia
899 3757 1035 3842 eiusque
1052 3756 1194 3842 partibus
1216 3777 1273 3828 ex·

93 3879 217 3948 pressa,
247 3868 430 3946 appareret,
461 3879 520 3926 nec
541 3859 643 3946 potuit
664 3879 722 3925 nec
744 3858 853 3926 debuit
874 3859 998 3946 longius
1019 3861 1154 3928 reiicerc
1175 3882 1271 3948 qnae

93 3965 229 4032 ationem
251 3963 293 4029 de
307 3962 434 4037 iustitia,
457 3981 539 4050 quae
553 3971 666 4049 quarto
679 3961 761 4029 libro
776 3962 961 4048 explicatur.
1004 3967 1082 4031 Nam
1102 3972 1138 4031 ut
1151 3971 1272 4032 mecam

93 4068 134 4135 de
156 4087 215 4146 eo,
239 4065 361 4134 servari
382 4066 474 4134 aliter
494 4086 559 4132 non
580 4065 720 4152 potuisse
742 4065 830 4151 quod
849 4059 1029 4146 simulabat,
1052 4068 1163 4154 quaeri
1182 4069 1273 4136 iusti·

93 4171 179 4249 tiam,
202 4192 243 4236 ne
263 4170 455 4238 intellectum
476 4169 605 4255 quidem
627 4177 718 4248 esset,
740 4168 827 4258 quod
847 4169 980 4256 intelligi
1002 4172 1138 4238 maxime
1158 4171 1270 4250 veluit,

93 4275 278 4364 ease-quasi
299 4268 500 4344 simulacrum
521 4276 661 4344 institiae
677 4271 759 4342 hanc
780 4272 963 4355 mmmmm„
979 4277 1009 4346 si
1029 4275 1109 4345 aliae
1130 4295 1201 4356 res,
1230 4277 1271 4344 ab

641 4450 654 4486 1
