3344 5234
884 423 927 438 ..
970 387 1012 452 ng
1053 421 1096 438 ....

395 549 599 643 ἐργάζεσθαι
631 555 757 640 τέχνας.
787 547 939 634 Ἀληθῆ.
954 556 1073 640 λέγεις,
1101 552 1179 644 ἔφη.
1222 555 1268 620 Gi.
1295 572 1327 640 p.
1357 554 1436 632 371».
1468 557 1503 622 A.
1529 556 1571 620 st.

396 658 429 723 si
451 658 596 724 conferre
619 657 716 723 velint
737 658 883 731 lectores,
907 678 989 742 qnae
1013 660 1054 722 de
1075 661 1135 722 hac
1158 679 1195 724 re
1216 675 1313 745 supra
1335 658 1570 746 disputavimus,

395 770 540 828 constare
561 761 624 827 sibi
641 762 674 828 in
693 781 736 829 eo
757 760 921 828 Platonem
938 769 1123 850 agnoscent,
1149 769 1185 828 nt
1207 763 1311 831 omnia
1326 761 1360 830 in
1379 763 1504 830 civitate
1518 783 1573 828 sua

394 869 434 930 ad
466 865 637 942 iustitiam,
675 865 778 931 cuius·
799 874 1064 951 praeconceptam
1087 866 1211 940 animo,
1228 869 1368 938 habehat
1393 867 1571 942 notionem,

393 989 458 1036 non
482 968 668 1054 quaerebat,
693 979 862 1055 componat
885 976 980 1053 atque
1006 969 1141 1034 ordinat.
1188 972 1234 1036 cf.
1259 970 1320 1038 lib.
1346 975 1407 1047 lv,
1437 991 1470 1056 p.
1492 972 1569 1047 433,

392 1075 432 1138 Aa
459 1077 502 1139 St.
529 1081 610 1160 etp.
636 1075 714 1149 ΜΒ,
747 1079 781 1143 Β.
830 1072 923 1140 Nulla
955 1081 1061 1138 tamen
1088 1073 1122 1138 in
1149 1073 1198 1149 his
1231 1074 1349 1142 diserta
1376 1073 1414 1140 fit
1437 1073 1572 1140 iustitiae

393 1181 512 1244 mentio
541 1184 635 1262 atque
654 1177 715 1254 ita,
741 1185 777 1242 ut
800 1177 907 1242 omnia
929 1179 1055 1245 adeam
1073 1177 1222 1263 componi
1234 1175 1421 1262 profiteatur
1434 1177 1573 1264 philoso-

392 1283 493 1366 phus,
507 1315 510 1322 ·
524 1284 610 1366 quod
637 1280 828 1346 contrarium
857 1281 969 1346 suisset
997 1279 1114 1366 dialogi
1140 1281 1402 1364 praestantissimi
1429 1280 1572 1348 artificio.

394 1385 501 1462 Quare
511 1371 553 1450 ne
566 1384 734 1470 singularis
749 1384 884 1450 militum
896 1388 986 1460 ordo,
1008 1389 1207 1472 respondens
1219 1386 1272 1454 ille
1288 1385 1444 1480 animirqi
1459 1387 1572 1477 θυμῷ,

392 1509 499 1577 quem,
525 1490 662 1554 iustitiae
681 1488 843 1554 nouonem
856 1495 1000 1565 secutus,
1022 1488 1158 1556 instituit
1180 1498 1307 1567 auctor,
1324 1507 1445 1577 'parum
1463 1510 1574 1555 neees-

391 1591 494 1686 sarius
519 1595 696 1670 videretur,
723 1592 874 1679 qnoniam
896 1613 1003 1659 veram
1027 1613 1154 1660 causam
1180 1593 1273 1660 huius
1295 1593 1430 1660 instituti
1455 1591 1572 1660 allerre

391 1717 457 1761 non
486 1701 627 1780 poterat,
666 1696 766 1762 multa
793 1697 934 1764 adhibita
965 1717 1039 1762 cura
1068 1701 1204 1783 probare
1231 1701 1354 1774 studet,
1390 1719 1463 1762 eum
1486 1705 1572 1764 tanto

392 1799 491 1885 magis
512 1800 726 1868 necessarium
750 1823 831 1879 esse,
859 1808 979 1887 qrmnto
1000 1801 1158 1868 difficilius
1181 1810 1214 1868 et
1230 1801 1356 1887 gravius
1377 1801 1572 1891 sit·militum

391 1898 564 1988 negotium.
610 1907 709 1983 Quae,
742 1908 918 1989 prudenter
936 1907 1212 1992 sanedisputatae
1227 1913 1334 1972 tamen
1356 1925 1421 1972 non
1444 1925 1572 1972 omnem

392 2011 432 2072 de
453 2008 585 2074 instituti
601 2009 788 2077 necessitate
800 2009 974 2094 legentium
989 2009 1103 2075 animis
1117 2009 1300 2096 scrupulum
1315 2011 1468 2077 exlmunt.
1491 2013 1571 2076 Tum

392 2115 521 2178 demum
546 2111 690 2180 dubitare
709 2115 749 2178 de
768 2112 816 2178 his
838 2113 995 2188 desinunt,
1018 2114 1045 2181 si
1060 2113 1219 2189 iustitiam,
1240 2112 1366 2198 qualem
1381 2116 1450 2200 lpse
1464 2115 1571 2180 animo

390 2223 594 2302 conceperat,
627 2217 716 2300 sequi
741 2215 775 2281 in
796 2215 845 2282 his
877 2217 1040 2286 Platonem
1066 2216 1289 2302 cognoverint,
1321 2225 1354 2282 et
1375 2220 1570 2303 respondere

284 2349 293 2372 ι
391 2319 583 2404 singularem
615 2319 749 2384 militum
779 2318 925 2385 ordinem
951 2320 1049 2386 animi
1078 2323 1136 2412 cpia
1151 2323 1279 2412 &eppe
1311 2324 1451 2386 Pertinet
1474 2321 1572 2404 igitur

390 2425 469 2488 haec
489 2426 632 2510 quaestio
657 2427 696 2489 de
718 2423 892 2488 luxurianti
915 2424 1056 2499 civitate,
1089 2443 1148 2490 nec
1167 2427 1212 2489 ad
1235 2426 1408 2510 perlectam
1433 2431 1571 2508 ltempu-

391 2525 523 2603 blicam,
546 2548 605 2592 nec
618 2529 665 2592 ad
687 2526 810 2594 virtutis
836 2527 1001 2613 originem,
1019 2531 1085 2594 -sed
1103 2549 1141 2594 ea
1163 2531 1398 2605 tantummodo,
1428 2526 1570 2614 vestigiis

391 2630 445 2698 uix
467 2633 699 2717 apparentibus,
729 2633 878 2697 transitos
901 2631 936 2698 fit
958 2635 1003 2697 ad*
1017 2652 1197 2699 sermonem
1213 2631 1253 2698 de
1267 2633 1421 2718 singulari
1436 2633 1570 2698 militum

391 2733 514 2802 ordine.
539 2738 587 2801 Ad
611 2757 683 2801 eum
705 2755 783 2802 vero
801 2738 855 2802 vix
877 2735 938 2801 alia
957 2738 1009 2802 ur'a
1030 2739 1199 2823 pervenire
1213 2744 1347 2822 poterat,
1369 2735 1570 2804 nisiomaem

391 2840 498 2924 operis
528 2837 684 2905 rationem
708 2844 838 2906 turbare
867 2839 978 2916 vellet,
1013 2861 1075 2930 qua
1097 2839 1299 2926 Reipublicae
1319 2841 1479 2924 perfectae
1502 2843 1571 2926 ple·

390 2962 462 3009 nam
489 2963 675 3029 compagem
699 2962 776 3010 vere
799 2951 979 3020 extrueret,
1001 2943 1151 3010 iustitiam
1169 2965 1211 3010 se
1234 2963 1389 3031 quaerere
1408 2941 1570 3010 simulans.

390 3047 540 3114 Ceterum
564 3047 667 3113 omnis
690 3067 796 3114 sermo
822 3051 862 3112 de
881 3047 1008 3114 civitate
1027 3045 1205 3117 luxurianti
1224 3050 1279 3113 rix
1304 3067 1398 3113 unam
1420 3046 1571 3137 paginam

391 3153 538 3236 complet.
577 3149 623 3218 ef.
651 3155 757 3238 Steph.
785 3170 816 3238 p.
844 3155 921 3228 372,
949 3156 984 3216 E.
1011 3183 1052 3202 -·
1075 3152 1146 3216 att.
1192 3153 1286 3231 Quorl
1308 3151 1351 3216 ita
1378 3171 1571 3236 essequam

389 3267 454 3319 uon
470 3254 593 3322 videret
610 3254 930 3332 Schleiermacherns,
957 3256 1038 3320 mira
1058 3273 1134 3320 sane
1151 3257 1191 3320 de
1211 3259 1273 3321 hoc
1294 3254 1367 3320 loco
1384 3254 1570 3340 prolocutus

390 3366 447 3434 est,
468 3379 501 3442 p.
527 3360 576 3424 rt.
598 3358 739 3428 introd.:
774 3358 1029 3425 «Bedenllicher
1051 3362 1150 3425 schoa
1173 3361 1331 3424 enscheint
1353 3357 1468 3433 dieser,
1495 3361 1570 3424 dass

388 3461 447 3526 die*
471 3460 747 3548 Nothwendigkeit
778 3461 835 3528 auf
864 3461 971 3547 Krieg'
988 3465 1057 3536 und
1086 3461 1336 3547 Vertheidigung
1364 3460 1506 3528 Bedaclrt
1530 3482 1571 3526 zu

389 3568 545 3643 nehmen,
576 3569 633 3632 mit
655 3565 791 3633 welcher
817 3565 868 3630 die
894 3587 991 3650 ganze
1020 3564 1241 3650 Organisation
1271 3569 1327 3631 des
1351 3565 1570 3651 platonisohen

388 3671 510 3735 suares
535 3668 593 3734 aul
611 3672 666 3734 das
688 3678 858 3754 genaueste
883 3673 1171 3754 zusammenlriingt,
1198 3691 1259 3738 nur
1278 3689 1334 3734 aus
1355 3671 1460 3734 einem
1481 3671 1570 3734 Stre·

387 3775 451 3838 ben
482 3777 563 3838 nach
596 3773 787 3840 Wohsseben
820 3773 990 3858 abgeleitet
1021 3772 1124 3850 niro,
1162 3774 1297 3840 welches
1323 3775 1459 3838 Streben
1484 3775 1570 3838 doch

389 3879 534 3942 Socrates
562 3871 731 3960 cigentlich
755 3875 948 3962 misshilligt,
987 3879 1052 3950 und
1074 3895 1137 3942 nur
1164 3877 1215 3942 die
1238 3874 1487 3952 allereinlaolrste
1515 3873 1573 3940 aui

388 3979 440 4044 die
462 3981 655 4046 Production
672 3979 730 4046 der
749 3979 1060 4047 nuentbehrlichsten
1081 3979 1286 4045 Bediirinisse
1306 3980 1373 4046 sich
1395 3981 1570 4047 besohriin·

387 4085 490 4149 kende
520 4083 725 4150 Gesellsch'alt
747 4085 802 4149 fiir
825 4083 877 4148 die
896 4085 1062 4169 eig'entlieh
1083 4087 1226 4170 gesunde
1247 4083 1378 4154 erlrliirt.
1398 4117 1441 4132 -
1459 4115 1502 4132 -
1526 4113 1569 4134 -·

386 4220 691 4251 ------
735 4190 881 4256 Wendet
895 4209 968 4254 man
983 4205 1057 4254 ‘nun
1080 4189 1157 4254 aber
1179 4192 1261 4252 eben
1285 4187 1388 4254 dieses
1410 4186 1491 4254 auch
1514 4185 1573 4250 auf

388 4291 441 4360 (lie
468 4295 730 4378 Entstehungsart
760 4291 847 4366 eines
881 4291 1077 4378 geordneten
1108 4290 1282 4362 Zustantles
1313 4291 1348 4360 in
1369 4293 1441 4358 ner
1473 4288 1569 4358 Seele
