3312 5238
871 405 1086 471 „aa

391 581 430 636 zu
458 571 557 635 Liebe
585 568 788 634 vermandein
801 569 877 632 ‘und
899 568 1020 650 oaung
1040 567 1176 658 treiban.
1209 565 1288 656 ‘dus
1306 566 1357 630 die
1378 566 1565 652 vertassnng

390 673 455 738 und
485 671 678 756 Anordnung
705 671 760 737 des
789 671 1044 737 Gemeinwesens
1072 668 1227 755 biugegeu
1250 669 1302 734 hat
1322 664 1447 734 aolcber
1466 673 1564 736 Wahu

389 775 592 842 uumittelbar
613 775 730 842 keinen
751 775 908 850 Eiussuss,'‘
923 773 1061 840 sonderu
1083 793 1145 838 nur
1167 771 1274 839 soieru
1294 793 1329 836 er
1344 772 1396 838 die
1409 772 1566 840 einzelnen

272 867 303 949 ⁵,
391 882 505 944 Seelen
534 879 715 945 venduut.»
761 881 827 942 Nos
853 885 962 944 contra
992 876 1023 944 id
1056 877 1178 962 ipsum,
1213 875 1299 964 quod
1320 879 1409 942 Plato
1430 879 1562 953 omutut,

389 999 460 1048 eam
490 983 706 1069 quaestionem
736 984 776 1047 ad
804 981 1026 1046 inveniendam
1052 979 1202 1046 iustitiam
1223 980 1332 1045 utilem
1354 982 1442 1055 fora,
1478 1001 1565 1063 argu-

389 1085 495 1151 mento
518 1107 586 1151 esse
609 1085 810 1159 affirmamus,
834 1087 996 1150 Platonem
1016 1084 1049 1148 in
1073 1087 1255 1170 quaerenda
1277 1083 1394 1150 iustitia
1416 1103 1481 1172 non
1494 1103 1565 1148 vere

389 1189 523 1265 versari,
547 1190 642 1275 eique
664 1188 842 1277 quaestioni
856 1191 987 1252 alteram
1009 1191 1050 1252 de
1072 1187 1235 1271 republica
1251 1209 1316 1252 nou
1330 1208 1418 1262 rere,
1443 1190 1499 1252 sed
1513 1207 1566 1272 per

389 1295 526 1381 speciem
555 1301 674 1360 tantum
703 1293 742 1358 de
772 1293 882 1380 priore
911 1295 982 1356 roco
1011 1295 1137 1356 cedere.
1189 1295 1260 1356 Non
1280 1290 1444 1356 *diffitetur
1472 1311 1567 1374 porro

389 1400 697 1463 Schleiermaeherus
727 1397 813 1462 salsis
836 1395 875 1460 de
898 1399 1032 1460 de'omrm
1054 1395 1184 1459 numine
1207 1393 1410 1480 opinionibus
1433 1394 1568 1478 siagrio

390 1523 460 1568 rum
482 1502 604 1566 animos
626 1500 800 1586 corrumpi.
846 1502 954 1576 Quare
980 1519 1077 1585 quum
1106 1497 1265 1582 corruptis
1287 1501 1488 1581 singulorum
1507 1503 1567 1564 ani*

390 1608 450 1670 mis
471 1605 631 1691 corrumpi
653 1605 811 1670 civitatem
831 1620 961 1668 necesse
983 1602 1024 1666 m‘t
1044 1623 1125 1688 quae
1148 1600 1491 1680 seeundumnvirtutam
1505 1612 1568 1667 tau·-

391 1721 485 1794 quam
508 1729 652 1774 normann
675 1716 707 1773 et
728 1711 871 1792 regulam
893 1706 1036 1771 ordinata
1059 1713 1118 1781 est,
1142 1723 1214 1770 oum
1235 1723 1383 1772 ammone
1399 1709 1440 1771 da
1456 1706 1568 1793 optima

390 1812 514 1878 civitate
544 1812 722 1878 necessario
754 1811 921 1878 coniuncta
943 1818 991 1875 est
1012 1829 1051 1874 ea
1071 1831 1142 1885 res,
1171 1829 1234 1896 qua
1256 1811 1454 1894 singulorum
1477 1809 1567 1874 animi

388 1925 644 2004 corrumpuntur.
1122 1919 1140 1946 ⁵
1313 1911 1316 1918 ’
1375 1940 1377 1946 ·

395 2359 1489 2474 ,ΜΜΜΨΜΜΜΜΜΜΜ

809 2479 1141 2570 mmmm

475 2735 582 2796 Restat
603 2738 643 2794 ut·
659 2733 828 2796 doceamus
849 2731 1013 2796 Platonem
1034 2749 1139 2813 neque
1162 2731 1338 2798 seeundum
1355 2732 1445 2796 hunc
1458 2716 1568 2796 librum

386 2855 499 2918 pamm
528 2841 601 2918 apte
629 2855 649 2898 a
674 2833 775 2898 tertio
798 2833 986 2898 adiunxisse.
1027 2831 1330 2915 Repetamusbune
1349 2834 1383 2898 in
1405 2831 1504 2900 finem
1525 2850 1569 2895 ae-

387 2937 483 3002 eandi
505 2937 581 3002 libri
602 2945 833 3022 argumentum.
878 2940 1020 3002 Primum
1041 2935 1239 3021 explicantur
1258 2938 1518 3002 adversariorum
1533 2936 1569 2998 da

386 3041 505 3107 institia
526 3043 717 3119 sententiam
747 3043 806 3116 ita,
830 3044 978 3106 omnibus
1000 3059 1082 3126 quae
1101 3039 1216 3124 priore
1232 3039 1315 3105 libro
1337 3058 1397 3125 pro
1421 3036 1570 3104 iniustitia

387 3153 419 3211 et
434 3153 543 3209 eontra
558 3145 708 3210 iustitiam
731 3145 814 3210 dicta
835 3154 925 3210 eraut
945 3143 1078 3209 firmatis
1099 3150 1133 3207 et
1153 3145 1242 3228 quasi
1256 3145 1290 3206 in
1305 3163 1403 3211 unum
1417 3143 1569 3216 pollentis,
1641 3187 1642 3238 ι

386 3247 488 3314 aditus
509 3249 549 3313 ad
570 3270 686 3314 novam
714 3252 753 3312 de
783 3249 919 3314 iustitiae
941 3249 1032 3314 viae
1053 3254 1168 3312 natura·
1186 3248 1423 3332 quaestionem,
1459 3249 1494 3312 lu.
1519 3267 1567 3319 e.,
1641 3245 1642 3262 i

386 3354 413 3417 ai
436 3354 552 3416 omissa
574 3355 678 3436 specie
700 3373 815 3430 rerum
834 3354 1037 3434 respicimus,
1065 3351 1105 3416 ad
1127 3365 1309 3416 sermonem
1332 3353 1372 3424 de
1394 3347 1569 3432 Republica

386 3457 537 3541 aperitur.
582 3455 778 3538 Longiorem
800 3477 837 3520 ea
860 3459 899 3520 de
921 3476 975 3531 re,
1000 3457 1034 3538 iu
1055 3475 1118 3539 qua
1140 3456 1235 3520 totius
1255 3452 1483 3538 disputationis
1507 3461 1571 3516 tau-

386 3580 481 3644 quam
512 3561 608 3623 oardo
638 3561 773 3622 vertitur
799 3595 842 3608 -
869 3579 942 3624 nam
969 3561 1143 3644 perfectam
1171 3559 1330 3622 civitatem
1360 3559 1400 3621 ad
1421 3556 1570 3622 iustitiam

386 3671 535 3746 tanquam
557 3663 597 3726 ad
619 3682 764 3726 normam
786 3670 817 3728 et
838 3665 980 3748 regulam
1003 3664 1220 3728 anan-modat
1241 3661 1571 3726 Plato-sermonem

385 3765 507 3832 institui
529 3785 592 3828 non
615 3763 797 3838 miraberis,
823 3769 849 3830 si
871 3769 991 3850 cogites
1013 3769 1162 3830 simulare
1183 3765 1426 3850 philosophum,
1452 3765 1571 3832 versari

385 3871 419 3932 in
441 3889 481 3934 ea
503 3868 572 3950 ipsa
594 3889 638 3932 re.
653 3869 807 3934 sermonis
830 3877 1051 3954 argumentum
1074 3878 1167 3953 atque
1181 3868 1287 3934 finem.
1332 3873 1367 3934 lu
1388 3871 1571 3934 describen-

388 3972 437 4040 dis
466 3970 661 4054 reipublicae
691 3973 891 4055 primordiis,
925 3972 1121 4057 reipublicae
1149 3973 1194 4037 in'
1210 3973 1300 4058 peius
1323 3975 1570 4056 degeneratione

388 4074 505 4140 deinde
528 4082 671 4138 versatur
692 4076 917 4160 philosophus,
949 4079 1027 4142 belli
1049 4077 1207 4161 originem
1228 4076 1394 4152 describit,
1420 4095 1464 4140 en
1486 4076 1571 4140 omui

388 4177 591 4244 multitudiue
621 4179 736 4244 milites
764 4179 853 4264 eligit
874 4189 963 4266 aptos
984 4188 1097 4246 natura
1119 4201 1174 4256 sua
1195 4183 1236 4244 ad
1257 4199 1371 4246 munus
1392 4181 1458 4245 boc
1481 4179 1571 4246 susd-

386 4283 541 4350 ueuduma
585 4284 674 4366 Quae
695 4285 802 4352 omnia
825 4291 898 4352 suut
918 4291 1072 4371 tanquam·
1088 4285 1222 4350 materia
1243 4286 1490 4370 praedonum
1511 4302 1571 4369 qua
