<?xml version="1.0" encoding="UTF-8"?>
<!DOCTYPE html PUBLIC "-//W3C//DTD XHTML 1.0 Transitional//EN"
    "http://www.w3.org/TR/xhtml1/DTD/xhtml1-transitional.dtd">
<html xmlns="http://www.w3.org/1999/xhtml" xml:lang="en" lang="en">
 <head>
  <title>
</title>
<meta http-equiv="Content-Type" content="text/html;charset=utf-8" />
  <meta name='ocr-system' content='tesseract 3.04.00' />
  <meta name='ocr-capabilities' content='ocr_page ocr_carea ocr_par ocr_line ocrx_word'/>
</head>
<body>
  <div class='ocr_page' id='page_1' title='image "./prolegomenaadpl00rettgoog_0075.png"; bbox 0 0 3312 5238; ppageno 0'>
   <div class='ocr_carea' id='block_1_1' title="bbox 876 361 1087 428">
    <p class='ocr_par' dir='ltr' id='par_1_1' title="bbox 876 361 1087 428">
     <span class='ocr_line' id='line_1_1' title="bbox 876 361 1087 428; baseline 0.014 -17"><span class='ocrx_word' id='word_1_1' title='bbox 876 361 1087 428; x_wconf 70' lang='lat' dir='ltr'>..aa-</span> 
     </span>
    </p>
   </div>
   <div class='ocr_carea' id='block_1_2' title="bbox 387 519 1578 3002">
    <p class='ocr_par' dir='ltr' id='par_1_2' title="bbox 387 519 1578 3002">
     <span class='ocr_line' id='line_1_2' title="bbox 391 519 1576 616; baseline -0.002 -22"><span class='ocrx_word' id='word_1_2' title='bbox 391 519 505 614; x_wconf 77' lang='lat' dir='ltr'>gestellt</span> <span class='ocrx_word' id='word_1_3' title='bbox 521 533 596 596; x_wconf 84' lang='lat' dir='ltr'>sein.</span> <span class='ocrx_word' id='word_1_4' title='bbox 641 533 792 596; x_wconf 83' lang='lat' dir='ltr'>Sokrates</span> <span class='ocrx_word' id='word_1_5' title='bbox 814 527 925 596; x_wconf 88' lang='lat' dir='ltr'>daulet</span> <span class='ocrx_word' id='word_1_6' title='bbox 940 533 1131 616; x_wconf 82' lang='lat' dir='ltr'>wenigstens</span> <span class='ocrx_word' id='word_1_7' title='bbox 1142 553 1195 608; x_wconf 85' lang='lat' dir='ltr'>an,</span> <span class='ocrx_word' id='word_1_8' title='bbox 1220 532 1292 596; x_wconf 85' lang='lat' dir='ltr'>dass</span> <span class='ocrx_word' id='word_1_9' title='bbox 1304 527 1383 596; x_wconf 74' lang='lat' dir='ltr'>dies</span> <span class='ocrx_word' id='word_1_10' title='bbox 1390 531 1474 594; x_wconf 87' lang='lat' dir='ltr'>noch</span> <span class='ocrx_word' id='word_1_11' title='bbox 1488 529 1576 594; x_wconf 86' lang='lat' dir='ltr'>nieht</span> 
     </span>
     <span class='ocr_line' id='line_1_3' title="bbox 392 632 1575 718; baseline -0.002 -20"><span class='ocrx_word' id='word_1_12' title='bbox 392 633 445 698; x_wconf 88' lang='lat' dir='ltr'>die</span> <span class='ocrx_word' id='word_1_13' title='bbox 459 633 646 718; x_wconf 88' lang='lat' dir='ltr'>cigentliche</span> <span class='ocrx_word' id='word_1_14' title='bbox 660 633 845 717; x_wconf 71' lang='lat' dir='ltr'>&#39;Erkliirung</span> <span class='ocrx_word' id='word_1_15' title='bbox 860 634 918 700; x_wconf 88' lang='lat' dir='ltr'>der</span> <span class='ocrx_word' id='word_1_16' title='bbox 932 635 1168 702; x_wconf 86' lang='lat' dir='ltr'>Besonneuheit</span> <span class='ocrx_word' id='word_1_17' title='bbox 1180 637 1233 712; x_wconf 89' lang='lat' dir='ltr'>ist,</span> <span class='ocrx_word' id='word_1_18' title='bbox 1257 633 1324 700; x_wconf 85' lang='lat' dir='ltr'>und</span> <span class='ocrx_word' id='word_1_19' title='bbox 1339 635 1452 698; x_wconf 75' lang='lat' dir='ltr'>l’laton</span> <span class='ocrx_word' id='word_1_20' title='bbox 1467 632 1575 698; x_wconf 84' lang='lat' dir='ltr'>wollte</span> 
     </span>
     <span class='ocr_line' id='line_1_4' title="bbox 388 735 1578 822; baseline -0.002 -20"><span class='ocrx_word' id='word_1_21' title='bbox 388 737 459 802; x_wconf 86' lang='lat' dir='ltr'>sich</span> <span class='ocrx_word' id='word_1_22' title='bbox 491 741 577 804; x_wconf 84' lang='lat' dir='ltr'>wohl</span> <span class='ocrx_word' id='word_1_23' title='bbox 608 736 740 803; x_wconf 85' lang='lat' dir='ltr'>nordio</span> <span class='ocrx_word' id='word_1_24' title='bbox 763 737 1014 822; x_wconf 78' lang='lat' dir='ltr'>Wcitliiufiglreit</span> <span class='ocrx_word' id='word_1_25' title='bbox 1044 738 1133 804; x_wconf 89' lang='lat' dir='ltr'>einer</span> <span class='ocrx_word' id='word_1_26' title='bbox 1160 737 1341 805; x_wconf 83' lang='lat' dir='ltr'>besondem</span> <span class='ocrx_word' id='word_1_27' title='bbox 1373 735 1578 802; x_wconf 83' lang='lat' dir='ltr'>Entschuldi·</span> 
     </span>
     <span class='ocr_line' id='line_1_5' title="bbox 389 840 1573 934; baseline -0.003 -30"><span class='ocrx_word' id='word_1_28' title='bbox 389 861 476 926; x_wconf 81' lang='lat' dir='ltr'>gung</span> <span class='ocrx_word' id='word_1_29' title='bbox 506 841 559 906; x_wconf 87' lang='lat' dir='ltr'>fiir</span> <span class='ocrx_word' id='word_1_30' title='bbox 590 840 677 906; x_wconf 89' lang='lat' dir='ltr'>diese</span> <span class='ocrx_word' id='word_1_31' title='bbox 706 841 881 927; x_wconf 78' lang='lat' dir='ltr'>vorlaufige</span> <span class='ocrx_word' id='word_1_32' title='bbox 902 841 1119 926; x_wconf 61' lang='lat' dir='ltr'>‘Bahandlnng</span> <span class='ocrx_word' id='word_1_33' title='bbox 1151 842 1211 908; x_wconf 85' lang='lat' dir='ltr'>der</span> <span class='ocrx_word' id='word_1_34' title='bbox 1227 845 1356 934; x_wconf 62' lang='lat' dir='ltr'>lisga</span> <span class='ocrx_word' id='word_1_35' title='bbox 1376 853 1573 924; x_wconf 72' lang='lat' dir='ltr'>amparem»</span> 
     </span>
     <span class='ocr_line' id='line_1_6' title="bbox 390 946 1573 1030; baseline -0.001 -22"><span class='ocrx_word' id='word_1_36' title='bbox 390 947 537 1010; x_wconf 77' lang='lat' dir='ltr'><strong>Potestne</strong></span> <span class='ocrx_word' id='word_1_37' title='bbox 561 967 636 1011; x_wconf 92' lang='lat' dir='ltr'>vero</span> <span class='ocrx_word' id='word_1_38' title='bbox 659 949 704 1010; x_wconf 85' lang='lat' dir='ltr'>ita</span> <span class='ocrx_word' id='word_1_39' title='bbox 726 947 760 1010; x_wconf 92' lang='lat' dir='ltr'>in</span> <span class='ocrx_word' id='word_1_40' title='bbox 782 950 964 1030; x_wconf 84' lang='lat' dir='ltr'>quaerenda</span> <span class='ocrx_word' id='word_1_41' title='bbox 986 946 1115 1012; x_wconf 84' lang='lat' dir='ltr'>iustitia</span> <span class='ocrx_word' id='word_1_42' title='bbox 1129 949 1236 1030; x_wconf 88' lang='lat' dir='ltr'>operis</span> <span class='ocrx_word' id='word_1_43' title='bbox 1257 947 1331 1010; x_wconf 89' lang='lat' dir='ltr'>finis</span> <span class='ocrx_word' id='word_1_44' title='bbox 1353 947 1477 1028; x_wconf 85' lang='lat' dir='ltr'>positus</span> <span class='ocrx_word' id='word_1_45' title='bbox 1491 965 1573 1019; x_wconf 87' lang='lat' dir='ltr'>esse,</span> 
     </span>
     <span class='ocr_line' id='line_1_7' title="bbox 389 1049 1576 1136; baseline -0.002 -22"><span class='ocrx_word' id='word_1_46' title='bbox 389 1067 491 1134; x_wconf 87' lang='lat' dir='ltr'>quum</span> <span class='ocrx_word' id='word_1_47' title='bbox 520 1058 625 1133; x_wconf 86' lang='lat' dir='ltr'>partes</span> <span class='ocrx_word' id='word_1_48' title='bbox 647 1051 849 1136; x_wconf 86' lang='lat' dir='ltr'>quaestionis</span> <span class='ocrx_word' id='word_1_49' title='bbox 873 1053 1076 1132; x_wconf 73' lang='lat' dir='ltr'>propositae,</span> <span class='ocrx_word' id='word_1_50' title='bbox 1103 1071 1177 1116; x_wconf 86' lang='lat' dir='ltr'>non·</span> <span class='ocrx_word' id='word_1_51' title='bbox 1195 1051 1317 1116; x_wconf 89' lang='lat' dir='ltr'>monito</span> <span class='ocrx_word' id='word_1_52' title='bbox 1338 1049 1488 1126; x_wconf 86' lang='lat' dir='ltr'>lectore,¹</span> <span class='ocrx_word' id='word_1_53' title='bbox 1511 1050 1576 1112; x_wconf 89' lang='lat' dir='ltr'>iam</span> 
     </span>
     <span class='ocr_line' id='line_1_8' title="bbox 390 1149 1576 1238; baseline -0.003 -20"><span class='ocrx_word' id='word_1_54' title='bbox 390 1162 463 1218; x_wconf 88' lang='lat' dir='ltr'>ante</span> <span class='ocrx_word' id='word_1_55' title='bbox 496 1154 677 1230; x_wconf 84' lang='lat' dir='ltr'>solvantur,</span> <span class='ocrx_word' id='word_1_56' title='bbox 713 1173 808 1238; x_wconf 60' lang='lat' dir='ltr'>mam</span> <span class='ocrx_word' id='word_1_57' title='bbox 836 1151 967 1235; x_wconf 80' lang='lat' dir='ltr'>incipiat</span> <span class='ocrx_word' id='word_1_58' title='bbox 999 1153 1086 1218; x_wconf 89' lang='lat' dir='ltr'>Plato</span> <span class='ocrx_word' id='word_1_59' title='bbox 1117 1173 1155 1218; x_wconf 84' lang='lat' dir='ltr'>ea</span> <span class='ocrx_word' id='word_1_60' title='bbox 1190 1163 1362 1238; x_wconf 87' lang='lat' dir='ltr'>quaerere,</span> <span class='ocrx_word' id='word_1_61' title='bbox 1393 1154 1430 1218; x_wconf 89' lang='lat' dir='ltr'>in</span> <span class='ocrx_word' id='word_1_62' title='bbox 1460 1149 1576 1238; x_wconf 86' lang='lat' dir='ltr'>quibus</span> 
     </span>
     <span class='ocr_line' id='line_1_9' title="bbox 390 1253 1574 1341; baseline -0.002 -19"><span class='ocrx_word' id='word_1_63' title='bbox 390 1255 486 1322; x_wconf 87' lang='lat' dir='ltr'>linem</span> <span class='ocrx_word' id='word_1_64' title='bbox 509 1259 665 1323; x_wconf 85' lang='lat' dir='ltr'>sermonis</span> <span class='ocrx_word' id='word_1_65' title='bbox 688 1259 825 1341; x_wconf 82' lang='lat' dir='ltr'>positura</span> <span class='ocrx_word' id='word_1_66' title='bbox 849 1278 919 1322; x_wconf 88' lang='lat' dir='ltr'>esse</span> <span class='ocrx_word' id='word_1_67' title='bbox 941 1258 1087 1322; x_wconf 74' lang='lat' dir='ltr'>simulati</span> <span class='ocrx_word' id='word_1_68' title='bbox 1118 1253 1358 1324; x_wconf 73' lang='lat' dir='ltr'>Dubitari&#39;vero</span> <span class='ocrx_word' id='word_1_69' title='bbox 1376 1259 1441 1322; x_wconf 89' lang='lat' dir='ltr'>non</span> <span class='ocrx_word' id='word_1_70' title='bbox 1455 1264 1574 1341; x_wconf 90' lang='lat' dir='ltr'>potest,</span> 
     </span>
     <span class='ocr_line' id='line_1_10' title="bbox 391 1359 1576 1446; baseline -0.002 -20"><span class='ocrx_word' id='word_1_71' title='bbox 391 1361 469 1446; x_wconf 90' lang='lat' dir='ltr'>quin</span> <span class='ocrx_word' id='word_1_72' title='bbox 499 1361 588 1427; x_wconf 86' lang='lat' dir='ltr'>Plato</span> <span class='ocrx_word' id='word_1_73' title='bbox 610 1361 711 1426; x_wconf 82' lang='lat' dir='ltr'>sciens</span> <span class='ocrx_word' id='word_1_74' title='bbox 734 1368 766 1426; x_wconf 90' lang='lat' dir='ltr'>et</span> <span class='ocrx_word' id='word_1_75' title='bbox 791 1359 932 1444; x_wconf 88' lang='lat' dir='ltr'>prudens</span> <span class='ocrx_word' id='word_1_76' title='bbox 961 1360 1097 1426; x_wconf 86' lang='lat' dir='ltr'>tacuerit</span> <span class='ocrx_word' id='word_1_77' title='bbox 1123 1362 1204 1427; x_wconf 89' lang='lat' dir='ltr'>solvi</span> <span class='ocrx_word' id='word_1_78' title='bbox 1230 1359 1264 1427; x_wconf 92' lang='lat' dir='ltr'>in</span> <span class='ocrx_word' id='word_1_79' title='bbox 1292 1362 1342 1442; x_wconf 85' lang='lat' dir='ltr'>his</span> <span class='ocrx_word' id='word_1_80' title='bbox 1371 1367 1495 1444; x_wconf 71' lang='lat' dir='ltr'>postem</span> <span class='ocrx_word' id='word_1_81' title='bbox 1518 1359 1576 1424; x_wconf 89' lang='lat' dir='ltr'>ali-</span> 
     </span>
     <span class='ocr_line' id='line_1_11' title="bbox 389 1462 1576 1559; baseline -0.002 -29"><span class='ocrx_word' id='word_1_82' title='bbox 389 1487 485 1552; x_wconf 88' lang='lat' dir='ltr'>quam</span> <span class='ocrx_word' id='word_1_83' title='bbox 507 1465 701 1550; x_wconf 70' lang='lat' dir='ltr'>quaestionis</span> <span class='ocrx_word' id='word_1_84' title='bbox 724 1464 918 1551; x_wconf 86' lang='lat' dir='ltr'>propositae.</span> <span class='ocrx_word' id='word_1_85' title='bbox 964 1467 1043 1528; x_wconf 89' lang='lat' dir='ltr'>Nam</span> <span class='ocrx_word' id='word_1_86' title='bbox 1066 1465 1092 1530; x_wconf 88' lang='lat' dir='ltr'>si</span> <span class='ocrx_word' id='word_1_87' title='bbox 1113 1465 1343 1559; x_wconf 73' lang='lat' dir='ltr'>intellexissent</span> <span class='ocrx_word' id='word_1_88' title='bbox 1363 1465 1519 1539; x_wconf 82' lang='lat' dir='ltr'>lectores,</span> <span class='ocrx_word' id='word_1_89' title='bbox 1543 1462 1576 1528; x_wconf 90' lang='lat' dir='ltr'>iu</span> 
     </span>
     <span class='ocr_line' id='line_1_12' title="bbox 389 1567 1573 1654; baseline -0.003 -20"><span class='ocrx_word' id='word_1_90' title='bbox 389 1567 526 1635; x_wconf 89' lang='lat' dir='ltr'>iustitiae</span> <span class='ocrx_word' id='word_1_91' title='bbox 547 1576 797 1654; x_wconf 82' lang='lat' dir='ltr'>praeconceptae</span> <span class='ocrx_word' id='word_1_92' title='bbox 820 1569 926 1634; x_wconf 90' lang='lat' dir='ltr'>animo</span> <span class='ocrx_word' id='word_1_93' title='bbox 948 1571 1077 1635; x_wconf 87' lang='lat' dir='ltr'>notione</span> <span class='ocrx_word' id='word_1_94' title='bbox 1099 1569 1160 1633; x_wconf 83' lang='lat' dir='ltr'>niti·</span> <span class='ocrx_word' id='word_1_95' title='bbox 1178 1567 1257 1634; x_wconf 86' lang='lat' dir='ltr'>haec</span> <span class='ocrx_word' id='word_1_96' title='bbox 1269 1568 1411 1646; x_wconf 85' lang='lat' dir='ltr'>instituta</span> <span class='ocrx_word' id='word_1_97' title='bbox 1425 1567 1573 1642; x_wconf 78' lang='lat' dir='ltr'>ciuitatis,</span> 
     </span>
     <span class='ocr_line' id='line_1_13' title="bbox 389 1669 1576 1759; baseline -0.003 -19"><span class='ocrx_word' id='word_1_98' title='bbox 389 1691 454 1740; x_wconf 87' lang='lat' dir='ltr'>nou</span> <span class='ocrx_word' id='word_1_99' title='bbox 476 1672 578 1742; x_wconf 83' lang='lat' dir='ltr'>solum</span> <span class='ocrx_word' id='word_1_100' title='bbox 600 1671 769 1737; x_wconf 80' lang='lat' dir='ltr'>interiisset</span> <span class='ocrx_word' id='word_1_101' title='bbox 790 1691 828 1738; x_wconf 89' lang='lat' dir='ltr'>ea</span> <span class='ocrx_word' id='word_1_102' title='bbox 850 1671 989 1758; x_wconf 89' lang='lat' dir='ltr'>species,</span> <span class='ocrx_word' id='word_1_103' title='bbox 1013 1683 1075 1758; x_wconf 86' lang='lat' dir='ltr'>qua</span> <span class='ocrx_word' id='word_1_104' title='bbox 1097 1671 1247 1739; x_wconf 86' lang='lat' dir='ltr'>iustitiam</span> <span class='ocrx_word' id='word_1_105' title='bbox 1271 1674 1382 1759; x_wconf 88' lang='lat' dir='ltr'>quaeri</span> <span class='ocrx_word' id='word_1_106' title='bbox 1405 1669 1576 1736; x_wconf 82' lang='lat' dir='ltr'>simulabat</span> 
     </span>
     <span class='ocr_line' id='line_1_14' title="bbox 391 1775 1575 1862; baseline -0.001 -21"><span class='ocrx_word' id='word_1_107' title='bbox 391 1785 517 1852; x_wconf 88' lang='lat' dir='ltr'>auctor,</span> <span class='ocrx_word' id='word_1_108' title='bbox 551 1775 607 1841; x_wconf 88' lang='lat' dir='ltr'>sed</span> <span class='ocrx_word' id='word_1_109' title='bbox 636 1776 831 1862; x_wconf 85' lang='lat' dir='ltr'>apparuisset</span> <span class='ocrx_word' id='word_1_110' title='bbox 861 1781 971 1853; x_wconf 86' lang='lat' dir='ltr'>etiam,</span> <span class='ocrx_word' id='word_1_111' title='bbox 992 1778 1038 1842; x_wconf 84' lang='lat' dir='ltr'>in</span> <span class='ocrx_word' id='word_1_112' title='bbox 1068 1777 1128 1842; x_wconf 90' lang='lat' dir='ltr'>alia</span> <span class='ocrx_word' id='word_1_113' title='bbox 1154 1776 1351 1862; x_wconf 89' lang='lat' dir='ltr'>repositum</span> <span class='ocrx_word' id='word_1_114' title='bbox 1374 1797 1443 1850; x_wconf 80' lang='lat' dir='ltr'>esse</span> <span class='ocrx_word' id='word_1_115' title='bbox 1466 1776 1575 1861; x_wconf 86' lang='lat' dir='ltr'>operis</span> 
     </span>
     <span class='ocr_line' id='line_1_15' title="bbox 390 1873 1573 1968; baseline -0.003 -23"><span class='ocrx_word' id='word_1_116' title='bbox 390 1878 485 1945; x_wconf 86' lang='lat' dir='ltr'>linem</span> <span class='ocrx_word' id='word_1_117' title='bbox 508 1889 539 1945; x_wconf 87' lang='lat' dir='ltr'>et</span> <span class='ocrx_word' id='word_1_118' title='bbox 560 1873 744 1956; x_wconf 76' lang='lat' dir='ltr'>consiliatis,</span> <span class='ocrx_word' id='word_1_119' title='bbox 769 1892 800 1945; x_wconf 88' lang='lat' dir='ltr'>et</span> <span class='ocrx_word' id='word_1_120' title='bbox 821 1877 977 1946; x_wconf 88' lang='lat' dir='ltr'>detectum</span> <span class='ocrx_word' id='word_1_121' title='bbox 1000 1889 1100 1957; x_wconf 87' lang='lat' dir='ltr'>esset,</span> <span class='ocrx_word' id='word_1_122' title='bbox 1124 1881 1279 1947; x_wconf 86' lang='lat' dir='ltr'>maturius</span> <span class='ocrx_word' id='word_1_123' title='bbox 1301 1901 1396 1968; x_wconf 90' lang='lat' dir='ltr'>quam</span> <span class='ocrx_word' id='word_1_124' title='bbox 1419 1876 1573 1954; x_wconf 88' lang='lat' dir='ltr'>debebat,</span> 
     </span>
     <span class='ocr_line' id='line_1_16' title="bbox 389 1983 1576 2070; baseline -0.002 -22"><span class='ocrx_word' id='word_1_125' title='bbox 389 1993 484 2049; x_wconf 83' lang='lat' dir='ltr'>omne</span> <span class='ocrx_word' id='word_1_126' title='bbox 517 1984 624 2068; x_wconf 86' lang='lat' dir='ltr'>operis</span> <span class='ocrx_word' id='word_1_127' title='bbox 655 1983 811 2054; x_wconf 80' lang='lat' dir='ltr'>oontleudi</span> <span class='ocrx_word' id='word_1_128' title='bbox 839 1983 1015 2052; x_wconf 84' lang='lat' dir='ltr'>artificium.</span> <span class='ocrx_word' id='word_1_129' title='bbox 1060 1988 1147 2050; x_wconf 86' lang='lat' dir='ltr'>Haeo</span> <span class='ocrx_word' id='word_1_130' title='bbox 1179 1986 1276 2070; x_wconf 87' lang='lat' dir='ltr'>igitur</span> <span class='ocrx_word' id='word_1_131' title='bbox 1307 1984 1428 2070; x_wconf 88' lang='lat' dir='ltr'>optime</span> <span class='ocrx_word' id='word_1_132' title='bbox 1462 1983 1576 2048; x_wconf 84' lang='lat' dir='ltr'>celavit</span> 
     </span>
     <span class='ocr_line' id='line_1_17' title="bbox 389 2084 1576 2180; baseline -0.003 -27"><span class='ocrx_word' id='word_1_133' title='bbox 389 2097 511 2180; x_wconf 83' lang='lat' dir='ltr'>auctor,</span> <span class='ocrx_word' id='word_1_134' title='bbox 533 2096 617 2153; x_wconf 88' lang='lat' dir='ltr'>tanta</span> <span class='ocrx_word' id='word_1_135' title='bbox 641 2096 717 2163; x_wconf 87' lang='lat' dir='ltr'>arte,</span> <span class='ocrx_word' id='word_1_136' title='bbox 741 2084 860 2152; x_wconf 85' lang='lat' dir='ltr'>utnon</span> <span class='ocrx_word' id='word_1_137' title='bbox 882 2087 975 2152; x_wconf 80' lang='lat' dir='ltr'>facile</span> <span class='ocrx_word' id='word_1_138' title='bbox 998 2089 1173 2174; x_wconf 87' lang='lat' dir='ltr'>quisquam,</span> <span class='ocrx_word' id='word_1_139' title='bbox 1196 2090 1258 2154; x_wconf 90' lang='lat' dir='ltr'>nisi</span> <span class='ocrx_word' id='word_1_140' title='bbox 1280 2089 1334 2175; x_wconf 91' lang='lat' dir='ltr'>qui</span> <span class='ocrx_word' id='word_1_141' title='bbox 1356 2088 1495 2153; x_wconf 86' lang='lat' dir='ltr'>Platonis</span> <span class='ocrx_word' id='word_1_142' title='bbox 1518 2085 1576 2151; x_wconf 92' lang='lat' dir='ltr'>do·</span> 
     </span>
     <span class='ocr_line' id='line_1_18' title="bbox 390 2189 1575 2276; baseline -0.003 -20"><span class='ocrx_word' id='word_1_143' title='bbox 390 2191 522 2257; x_wconf 87' lang='lat' dir='ltr'>ctrinam</span> <span class='ocrx_word' id='word_1_144' title='bbox 545 2191 584 2256; x_wconf 89' lang='lat' dir='ltr'>de</span> <span class='ocrx_word' id='word_1_145' title='bbox 607 2200 744 2276; x_wconf 90' lang='lat' dir='ltr'>quatuor</span> <span class='ocrx_word' id='word_1_146' title='bbox 765 2189 933 2258; x_wconf 87' lang='lat' dir='ltr'>virtutibus</span> <span class='ocrx_word' id='word_1_147' title='bbox 958 2191 1119 2274; x_wconf 82' lang='lat' dir='ltr'>primariis</span> <span class='ocrx_word' id='word_1_148' title='bbox 1140 2194 1207 2257; x_wconf 87' lang='lat' dir='ltr'>iam</span> <span class='ocrx_word' id='word_1_149' title='bbox 1224 2200 1315 2265; x_wconf 82' lang='lat' dir='ltr'>antea</span> <span class='ocrx_word' id='word_1_150' title='bbox 1337 2191 1496 2276; x_wconf 82' lang='lat' dir='ltr'>cognitam</span> <span class='ocrx_word' id='word_1_151' title='bbox 1520 2193 1575 2254; x_wconf 92' lang='lat' dir='ltr'>ha-</span> 
     </span>
     <span class='ocr_line' id='line_1_19' title="bbox 389 2292 1571 2382; baseline -0.003 -22"><span class='ocrx_word' id='word_1_152' title='bbox 389 2292 477 2371; x_wconf 85' lang='lat' dir='ltr'>beat,</span> <span class='ocrx_word' id='word_1_153' title='bbox 511 2295 568 2360; x_wconf 87' lang='lat' dir='ltr'>his·</span> <span class='ocrx_word' id='word_1_154' title='bbox 590 2303 715 2381; x_wconf 88' lang='lat' dir='ltr'>partem</span> <span class='ocrx_word' id='word_1_155' title='bbox 743 2293 879 2378; x_wconf 86' lang='lat' dir='ltr'>aliquam</span> <span class='ocrx_word' id='word_1_156' title='bbox 909 2295 1101 2380; x_wconf 87' lang='lat' dir='ltr'>quaestionis</span> <span class='ocrx_word' id='word_1_157' title='bbox 1127 2298 1311 2382; x_wconf 80' lang='lat' dir='ltr'>propositae</span> <span class='ocrx_word' id='word_1_158' title='bbox 1328 2295 1419 2362; x_wconf 82' lang='lat' dir='ltr'>solvi</span> <span class='ocrx_word' id='word_1_159' title='bbox 1447 2294 1571 2360; x_wconf 86' lang='lat' dir='ltr'>sentiat.</span> 
     </span>
     <span class='ocr_line' id='line_1_20' title="bbox 389 2398 1574 2486; baseline -0.003 -21"><span class='ocrx_word' id='word_1_160' title='bbox 389 2401 469 2466; x_wconf 87' lang='lat' dir='ltr'>Nam</span> <span class='ocrx_word' id='word_1_161' title='bbox 491 2403 566 2486; x_wconf 90' lang='lat' dir='ltr'>quid</span> <span class='ocrx_word' id='word_1_162' title='bbox 589 2398 637 2463; x_wconf 88' lang='lat' dir='ltr'>roi</span> <span class='ocrx_word' id='word_1_163' title='bbox 658 2408 705 2466; x_wconf 86' lang='lat' dir='ltr'>est</span> <span class='ocrx_word' id='word_1_164' title='bbox 724 2399 953 2486; x_wconf 74' lang='lat' dir='ltr'>temperantiae</span> <span class='ocrx_word' id='word_1_165' title='bbox 975 2413 1046 2463; x_wconf 87' lang='lat' dir='ltr'>oum</span> <span class='ocrx_word' id='word_1_166' title='bbox 1068 2399 1207 2464; x_wconf 73' lang='lat' dir='ltr'>iustitia?</span> <span class='ocrx_word' id='word_1_167' title='bbox 1235 2403 1324 2477; x_wconf 84' lang='lat' dir='ltr'>Quae</span> <span class='ocrx_word' id='word_1_168' title='bbox 1346 2399 1452 2465; x_wconf 85' lang='lat' dir='ltr'>omnia</span> <span class='ocrx_word' id='word_1_169' title='bbox 1474 2403 1517 2464; x_wconf 90' lang='lat' dir='ltr'>ita</span> <span class='ocrx_word' id='word_1_170' title='bbox 1540 2419 1574 2462; x_wconf 88' lang='lat' dir='ltr'>sa</span> 
     </span>
     <span class='ocr_line' id='line_1_21' title="bbox 390 2501 1573 2594; baseline 0 -25"><span class='ocrx_word' id='word_1_171' title='bbox 390 2503 509 2570; x_wconf 85' lang='lat' dir='ltr'>habere</span> <span class='ocrx_word' id='word_1_172' title='bbox 531 2511 567 2568; x_wconf 92' lang='lat' dir='ltr'>ut</span> <span class='ocrx_word' id='word_1_173' title='bbox 588 2521 645 2568; x_wconf 91' lang='lat' dir='ltr'>nos</span> <span class='ocrx_word' id='word_1_174' title='bbox 669 2502 960 2594; x_wconf 71' lang='lat' dir='ltr'>dicim&#39;us&#39;faaaxime</span> <span class='ocrx_word' id='word_1_175' title='bbox 983 2521 1022 2568; x_wconf 87' lang='lat' dir='ltr'>eo</span> <span class='ocrx_word' id='word_1_176' title='bbox 1045 2503 1211 2580; x_wconf 83' lang='lat' dir='ltr'>evincitur,</span> <span class='ocrx_word' id='word_1_177' title='bbox 1237 2503 1324 2588; x_wconf 85' lang='lat' dir='ltr'>quoti</span> <span class='ocrx_word' id='word_1_178' title='bbox 1346 2507 1459 2570; x_wconf 86' lang='lat' dir='ltr'>eodem</span> <span class='ocrx_word' id='word_1_179' title='bbox 1473 2501 1573 2569; x_wconf 90' lang='lat' dir='ltr'>modo</span> 
     </span>
     <span class='ocr_line' id='line_1_22' title="bbox 389 2605 1574 2694; baseline -0.003 -22"><span class='ocrx_word' id='word_1_180' title='bbox 389 2621 425 2672; x_wconf 89' lang='lat' dir='ltr'>se</span> <span class='ocrx_word' id='word_1_181' title='bbox 446 2627 499 2672; x_wconf 89' lang='lat' dir='ltr'>res</span> <span class='ocrx_word' id='word_1_182' title='bbox 520 2609 615 2672; x_wconf 88' lang='lat' dir='ltr'>habet</span> <span class='ocrx_word' id='word_1_183' title='bbox 637 2625 708 2674; x_wconf 93' lang='lat' dir='ltr'>cum</span> <span class='ocrx_word' id='word_1_184' title='bbox 729 2605 1057 2691; x_wconf 69' lang='lat' dir='ltr'>reliquierirtutibos,</span> <span class='ocrx_word' id='word_1_185' title='bbox 1081 2605 1278 2684; x_wconf 82' lang='lat' dir='ltr'>tortitudine,</span> <span class='ocrx_word' id='word_1_186' title='bbox 1299 2607 1461 2694; x_wconf 85' lang='lat' dir='ltr'>sapientia,</span> <span class='ocrx_word' id='word_1_187' title='bbox 1486 2605 1574 2672; x_wconf 89' lang='lat' dir='ltr'>iusti-</span> 
     </span>
     <span class='ocr_line' id='line_1_23' title="bbox 393 2708 1574 2798; baseline -0.001 -22"><span class='ocrx_word' id='word_1_188' title='bbox 393 2711 455 2788; x_wconf 86' lang='lat' dir='ltr'>tia,</span> <span class='ocrx_word' id='word_1_189' title='bbox 469 2741 472 2748; x_wconf 53' lang='lat'><strong><em>¹</em></strong></span> <span class='ocrx_word' id='word_1_190' title='bbox 487 2709 753 2798; x_wconf 89' lang='lat' dir='ltr'>quemadmodum</span> <span class='ocrx_word' id='word_1_191' title='bbox 776 2729 809 2776; x_wconf 88' lang='lat' dir='ltr'>se</span> <span class='ocrx_word' id='word_1_192' title='bbox 825 2708 1051 2777; x_wconf 70' lang='lat' dir='ltr'>&#39;habereuldit</span> <span class='ocrx_word' id='word_1_193' title='bbox 1073 2710 1378 2777; x_wconf 83' lang='lat' dir='ltr'>Schleiermacherus</span> <span class='ocrx_word' id='word_1_194' title='bbox 1401 2728 1477 2775; x_wconf 89' lang='lat' dir='ltr'>cum·</span> <span class='ocrx_word' id='word_1_195' title='bbox 1496 2718 1574 2775; x_wconf 88' lang='lat' dir='ltr'>tem·</span> 
     </span>
     <span class='ocr_line' id='line_1_24' title="bbox 387 2813 1572 2901; baseline -0.001 -22"><span class='ocrx_word' id='word_1_196' title='bbox 387 2814 543 2901; x_wconf 88' lang='lat' dir='ltr'>perantia.</span> <span class='ocrx_word' id='word_1_197' title='bbox 588 2817 668 2894; x_wconf 87' lang='lat' dir='ltr'>Nam</span> <span class='ocrx_word' id='word_1_198' title='bbox 690 2813 786 2879; x_wconf 89' lang='lat' dir='ltr'>etiam</span> <span class='ocrx_word' id='word_1_199' title='bbox 807 2813 881 2878; x_wconf 87' lang='lat' dir='ltr'>illas·</span> <span class='ocrx_word' id='word_1_200' title='bbox 898 2814 1029 2878; x_wconf 82' lang='lat' dir='ltr'>virtutes</span> <span class='ocrx_word' id='word_1_201' title='bbox 1051 2834 1091 2878; x_wconf 83' lang='lat' dir='ltr'>ex</span> <span class='ocrx_word' id='word_1_202' title='bbox 1113 2822 1202 2900; x_wconf 85' lang='lat' dir='ltr'>parte</span> <span class='ocrx_word' id='word_1_203' title='bbox 1223 2815 1275 2879; x_wconf 92' lang='lat' dir='ltr'>hic</span> <span class='ocrx_word' id='word_1_204' title='bbox 1297 2813 1450 2901; x_wconf 82' lang='lat' dir='ltr'>explicari</span> <span class='ocrx_word' id='word_1_205' title='bbox 1470 2814 1572 2880; x_wconf 86' lang='lat' dir='ltr'>nemi·</span> 
     </span>
     <span class='ocr_line' id='line_1_25' title="bbox 391 2915 1574 3002; baseline -0.001 -19"><span class='ocrx_word' id='word_1_206' title='bbox 391 2939 462 2983; x_wconf 90' lang='lat' dir='ltr'>nem</span> <span class='ocrx_word' id='word_1_207' title='bbox 496 2918 598 2984; x_wconf 92' lang='lat' dir='ltr'>semel</span> <span class='ocrx_word' id='word_1_208' title='bbox 622 2919 776 2985; x_wconf 90' lang='lat' dir='ltr'>monitum</span> <span class='ocrx_word' id='word_1_209' title='bbox 810 2925 840 2981; x_wconf 89' lang='lat' dir='ltr'>et</span> <span class='ocrx_word' id='word_1_210' title='bbox 873 2925 1028 2982; x_wconf 90' lang='lat' dir='ltr'>attentum</span> <span class='ocrx_word' id='word_1_211' title='bbox 1053 2915 1173 3001; x_wconf 83' lang='lat' dir='ltr'>sugere.</span> <span class='ocrx_word' id='word_1_212' title='bbox 1196 2927 1321 3001; x_wconf 85' lang='lat' dir='ltr'>potest,</span> <span class='ocrx_word' id='word_1_213' title='bbox 1359 2937 1419 2984; x_wconf 87' lang='lat' dir='ltr'>nec</span> <span class='ocrx_word' id='word_1_214' title='bbox 1439 2917 1574 3002; x_wconf 86' lang='lat' dir='ltr'>lugisset</span> 
     </span>
    </p>
   </div>
   <div class='ocr_carea' id='block_1_3' title="bbox 391 3017 1648 3114">
    <p class='ocr_par' dir='ltr' id='par_1_3' title="bbox 391 3017 1648 3114">
     <span class='ocr_line' id='line_1_26' title="bbox 391 3017 1648 3114; baseline 0.001 -27"><span class='ocrx_word' id='word_1_215' title='bbox 391 3021 726 3097; x_wconf 85' lang='lat' dir='ltr'>Schl&#39;eiermaoherum‚</span> <span class='ocrx_word' id='word_1_216' title='bbox 748 3017 811 3086; x_wconf 87' lang='lat' dir='ltr'>nisi</span> <span class='ocrx_word' id='word_1_217' title='bbox 832 3020 935 3107; x_wconf 91' lang='lat' dir='ltr'>ipsum</span> <span class='ocrx_word' id='word_1_218' title='bbox 954 3041 1084 3107; x_wconf 66' lang='lat' dir='ltr'>‘quoqne</span> <span class='ocrx_word' id='word_1_219' title='bbox 1106 3022 1139 3086; x_wconf 92' lang='lat' dir='ltr'>in</span> <span class='ocrx_word' id='word_1_220' title='bbox 1160 3021 1305 3088; x_wconf 84' lang='lat' dir='ltr'>fraudem</span> <span class='ocrx_word' id='word_1_221' title='bbox 1322 3017 1499 3088; x_wconf 83' lang='lat' dir='ltr'>induxisset</span> <span class='ocrx_word' id='word_1_222' title='bbox 1511 3023 1574 3088; x_wconf 88' lang='lat' dir='ltr'>oal-</span> <span class='ocrx_word' id='word_1_223' title='bbox 1647 3101 1648 3114; x_wconf 57' lang='lat'>,</span> 
     </span>
    </p>
   </div>
   <div class='ocr_carea' id='block_1_4' title="bbox 389 3117 1574 3316">
    <p class='ocr_par' dir='ltr' id='par_1_4' title="bbox 389 3117 1574 3316">
     <span class='ocr_line' id='line_1_27' title="bbox 390 3117 1574 3202; baseline -0.001 -10"><span class='ocrx_word' id='word_1_224' title='bbox 390 3125 455 3192; x_wconf 85' lang='lat' dir='ltr'>lida</span> <span class='ocrx_word' id='word_1_225' title='bbox 477 3128 614 3191; x_wconf 87' lang='lat' dir='ltr'>Socratis</span> <span class='ocrx_word' id='word_1_226' title='bbox 636 3124 810 3202; x_wconf 86' lang='lat' dir='ltr'>simulatio,</span> <span class='ocrx_word' id='word_1_227' title='bbox 846 3147 880 3190; x_wconf 91' lang='lat' dir='ltr'>se</span> <span class='ocrx_word' id='word_1_228' title='bbox 909 3125 1066 3190; x_wconf 88' lang='lat' dir='ltr'>civitatem</span> <span class='ocrx_word' id='word_1_229' title='bbox 1094 3117 1232 3192; x_wconf 83' lang='lat' dir='ltr'>condere</span> <span class='ocrx_word' id='word_1_230' title='bbox 1253 3125 1461 3192; x_wconf 88' lang='lat' dir='ltr'>ut&#39;iustitiam</span> <span class='ocrx_word' id='word_1_231' title='bbox 1485 3126 1574 3192; x_wconf 87' lang='lat' dir='ltr'>inve·</span> 
     </span>
     <span class='ocr_line' id='line_1_28' title="bbox 389 3228 1571 3316; baseline 0 -22"><span class='ocrx_word' id='word_1_232' title='bbox 389 3230 483 3316; x_wconf 82' lang='lat' dir='ltr'>niret,</span> <span class='ocrx_word' id='word_1_233' title='bbox 509 3251 605 3314; x_wconf 88' lang='lat' dir='ltr'>quum</span> <span class='ocrx_word' id='word_1_234' title='bbox 629 3249 755 3296; x_wconf 89' lang='lat' dir='ltr'>omnem</span> <span class='ocrx_word' id='word_1_235' title='bbox 776 3229 937 3294; x_wconf 87' lang='lat' dir='ltr'>civ-itatem</span> <span class='ocrx_word' id='word_1_236' title='bbox 959 3228 997 3294; x_wconf 89' lang='lat' dir='ltr'>ad</span> <span class='ocrx_word' id='word_1_237' title='bbox 1019 3248 1092 3294; x_wconf 90' lang='lat' dir='ltr'>eam</span> <span class='ocrx_word' id='word_1_238' title='bbox 1114 3231 1177 3295; x_wconf 89' lang='lat' dir='ltr'>iam</span> <span class='ocrx_word' id='word_1_239' title='bbox 1199 3233 1357 3316; x_wconf 81' lang='lat' dir='ltr'>cognitam</span> <span class='ocrx_word' id='word_1_240' title='bbox 1372 3229 1571 3308; x_wconf 88' lang='lat' dir='ltr'>institueret;</span> 
     </span>
    </p>
   </div>
   <div class='ocr_carea' id='block_1_5' title="bbox 389 3331 1648 3420">
    <p class='ocr_par' dir='ltr' id='par_1_5' title="bbox 389 3331 1648 3420">
     <span class='ocr_line' id='line_1_29' title="bbox 389 3331 1648 3420; baseline -0.005 -20"><span class='ocrx_word' id='word_1_241' title='bbox 389 3333 451 3400; x_wconf 88' lang='lat' dir='ltr'>nisi</span> <span class='ocrx_word' id='word_1_242' title='bbox 473 3333 665 3400; x_wconf 84' lang='lat' dir='ltr'>deseruisset</span> <span class='ocrx_word' id='word_1_243' title='bbox 686 3331 818 3417; x_wconf 88' lang='lat' dir='ltr'>vestigia</span> <span class='ocrx_word' id='word_1_244' title='bbox 838 3333 873 3398; x_wconf 93' lang='lat' dir='ltr'>in</span> <span class='ocrx_word' id='word_1_245' title='bbox 895 3353 975 3420; x_wconf 88' lang='lat' dir='ltr'>quae</span> <span class='ocrx_word' id='word_1_246' title='bbox 998 3333 1112 3399; x_wconf 89' lang='lat' dir='ltr'>invitus</span> <span class='ocrx_word' id='word_1_247' title='bbox 1135 3342 1166 3398; x_wconf 92' lang='lat' dir='ltr'>et</span> <span class='ocrx_word' id='word_1_248' title='bbox 1186 3334 1297 3400; x_wconf 88' lang='lat' dir='ltr'>nolens</span> <span class='ocrx_word' id='word_1_249' title='bbox 1312 3337 1344 3400; x_wconf 88' lang='lat' dir='ltr'>in</span> <span class='ocrx_word' id='word_1_250' title='bbox 1359 3338 1422 3400; x_wconf 89' lang='lat' dir='ltr'>hoc</span> <span class='ocrx_word' id='word_1_251' title='bbox 1437 3331 1478 3398; x_wconf 89' lang='lat' dir='ltr'>de</span> <span class='ocrx_word' id='word_1_252' title='bbox 1492 3345 1572 3399; x_wconf 88' lang='lat' dir='ltr'>tem·</span> <span class='ocrx_word' id='word_1_253' title='bbox 1647 3391 1648 3394; x_wconf 74' lang='grc'>,</span> 
     </span>
    </p>
   </div>
   <div class='ocr_carea' id='block_1_6' title="bbox 328 3435 1573 3938">
    <p class='ocr_par' dir='ltr' id='par_1_6' title="bbox 328 3435 1573 3938">
     <span class='ocr_line' id='line_1_30' title="bbox 389 3435 1570 3523; baseline -0.001 -20"><span class='ocrx_word' id='word_1_254' title='bbox 389 3437 534 3520; x_wconf 87' lang='lat' dir='ltr'>perantia</span> <span class='ocrx_word' id='word_1_255' title='bbox 556 3456 702 3503; x_wconf 89' lang='lat' dir='ltr'>sermone</span> <span class='ocrx_word' id='word_1_256' title='bbox 724 3446 860 3523; x_wconf 88' lang='lat' dir='ltr'>propter</span> <span class='ocrx_word' id='word_1_257' title='bbox 881 3436 1042 3521; x_wconf 84' lang='lat' dir='ltr'>egregiam</span> <span class='ocrx_word' id='word_1_258' title='bbox 1056 3435 1180 3521; x_wconf 85' lang='lat' dir='ltr'>ingenii·</span> <span class='ocrx_word' id='word_1_259' title='bbox 1189 3437 1388 3522; x_wconf 83' lang='lat' dir='ltr'>sagacitatem</span> <span class='ocrx_word' id='word_1_260' title='bbox 1404 3436 1570 3502; x_wconf 87' lang='lat' dir='ltr'>inciderat.</span> 
     </span>
     <span class='ocr_line' id='line_1_31' title="bbox 388 3540 1572 3630; baseline -0.002 -22"><span class='ocrx_word' id='word_1_261' title='bbox 388 3541 521 3608; x_wconf 86' lang='lat' dir='ltr'>Etiamsi</span> <span class='ocrx_word' id='word_1_262' title='bbox 543 3549 620 3607; x_wconf 75' lang='lat' dir='ltr'>v‘ero</span> <span class='ocrx_word' id='word_1_263' title='bbox 642 3540 759 3630; x_wconf 69' lang='lat' dir='ltr'>indicet</span> <span class='ocrx_word' id='word_1_264' title='bbox 779 3543 941 3616; x_wconf 86' lang='lat' dir='ltr'>Socrates,</span> <span class='ocrx_word' id='word_1_265' title='bbox 972 3543 1023 3606; x_wconf 89' lang='lat' dir='ltr'>hio</span> <span class='ocrx_word' id='word_1_266' title='bbox 1045 3560 1109 3610; x_wconf 92' lang='lat' dir='ltr'>non</span> <span class='ocrx_word' id='word_1_267' title='bbox 1130 3542 1254 3628; x_wconf 88' lang='lat' dir='ltr'>plenam</span> <span class='ocrx_word' id='word_1_268' title='bbox 1277 3541 1346 3606; x_wconf 84' lang='lat' dir='ltr'>dari</span> <span class='ocrx_word' id='word_1_269' title='bbox 1370 3550 1401 3605; x_wconf 88' lang='lat' dir='ltr'>et</span> <span class='ocrx_word' id='word_1_270' title='bbox 1423 3541 1572 3608; x_wconf 82' lang='lat' dir='ltr'>omnibus</span> 
     </span>
     <span class='ocr_line' id='line_1_32' title="bbox 389 3643 1573 3730; baseline -0.003 -19"><span class='ocrx_word' id='word_1_271' title='bbox 389 3644 530 3711; x_wconf 87' lang='lat' dir='ltr'>numeris</span> <span class='ocrx_word' id='word_1_272' title='bbox 557 3644 732 3709; x_wconf 89' lang='lat' dir='ltr'>absolutam</span> <span class='ocrx_word' id='word_1_273' title='bbox 756 3645 987 3730; x_wconf 64' lang='lat' dir='ltr'>‘temperantiae</span> <span class='ocrx_word' id='word_1_274' title='bbox 1009 3643 1238 3723; x_wconf 81' lang='lat' dir='ltr'>definitionem,</span> <span class='ocrx_word' id='word_1_275' title='bbox 1267 3653 1372 3710; x_wconf 81' lang='lat' dir='ltr'>tamen</span> <span class='ocrx_word' id='word_1_276' title='bbox 1392 3645 1447 3711; x_wconf 84' lang='lat' dir='ltr'>vix</span> <span class='ocrx_word' id='word_1_277' title='bbox 1468 3643 1573 3711; x_wconf 88' lang='lat' dir='ltr'>oredi-</span> 
     </span>
     <span class='ocr_line' id='line_1_33' title="bbox 389 3747 1571 3832; baseline -0.002 -18"><span class='ocrx_word' id='word_1_278' title='bbox 389 3747 452 3814; x_wconf 89' lang='lat' dir='ltr'>bile</span> <span class='ocrx_word' id='word_1_279' title='bbox 468 3757 516 3813; x_wconf 88' lang='lat' dir='ltr'>est</span> <span class='ocrx_word' id='word_1_280' title='bbox 530 3748 702 3823; x_wconf 83' lang='lat' dir='ltr'>Platonem,</span> <span class='ocrx_word' id='word_1_281' title='bbox 718 3747 884 3832; x_wconf 76' lang='lat' dir='ltr'>n&#39;e&#39;longus</span> <span class='ocrx_word' id='word_1_282' title='bbox 899 3756 990 3824; x_wconf 85' lang='lat' dir='ltr'>esset,</span> <span class='ocrx_word' id='word_1_283' title='bbox 1012 3769 1165 3816; x_wconf 85' lang='lat' dir='ltr'>excusare</span> <span class='ocrx_word' id='word_1_284' title='bbox 1183 3749 1322 3815; x_wconf 85' lang='lat' dir='ltr'>uoluisse</span> <span class='ocrx_word' id='word_1_285' title='bbox 1335 3758 1571 3831; x_wconf 88' lang='lat' dir='ltr'>praematuram</span> 
     </span>
     <span class='ocr_line' id='line_1_34' title="bbox 328 3851 1572 3938; baseline -0.002 -20"><span class='ocrx_word' id='word_1_286' title='bbox 328 3925 330 3928; x_wconf 56' lang='grc'><strong>,</strong></span> <span class='ocrx_word' id='word_1_287' title='bbox 389 3851 474 3920; x_wconf 74' lang='lat' dir='ltr'>hanc.</span> <span class='ocrx_word' id='word_1_288' title='bbox 492 3851 683 3937; x_wconf 85' lang='lat' dir='ltr'>quaestionis</span> <span class='ocrx_word' id='word_1_289' title='bbox 704 3854 886 3938; x_wconf 83' lang='lat' dir='ltr'>propositae</span> <span class='ocrx_word' id='word_1_290' title='bbox 907 3852 1159 3935; x_wconf 85' lang='lat' dir='ltr'>explicationem.</span> <span class='ocrx_word' id='word_1_291' title='bbox 1205 3858 1283 3918; x_wconf 91' lang='lat' dir='ltr'>Nam</span> <span class='ocrx_word' id='word_1_292' title='bbox 1306 3873 1364 3918; x_wconf 87' lang='lat' dir='ltr'>eor</span> <span class='ocrx_word' id='word_1_293' title='bbox 1384 3851 1417 3918; x_wconf 90' lang='lat' dir='ltr'>id</span> <span class='ocrx_word' id='word_1_294' title='bbox 1432 3852 1572 3918; x_wconf 90' lang='lat' dir='ltr'>noluerit</span> 
     </span>
    </p>
   </div>
   <div class='ocr_carea' id='block_1_7' title="bbox 389 3943 1648 4044">
    <p class='ocr_par' dir='ltr' id='par_1_7' title="bbox 389 3943 1648 4044">
     <span class='ocr_line' id='line_1_35' title="bbox 389 3943 1648 4044; baseline -0.001 -22"><span class='ocrx_word' id='word_1_295' title='bbox 389 3956 519 4022; x_wconf 84' lang='lat' dir='ltr'>laceret</span> <span class='ocrx_word' id='word_1_296' title='bbox 565 3958 644 4020; x_wconf 84' lang='lat' dir='ltr'>lmo&#39;</span> <span class='ocrx_word' id='word_1_297' title='bbox 669 3976 728 4020; x_wconf 91' lang='lat' dir='ltr'>cur</span> <span class='ocrx_word' id='word_1_298' title='bbox 754 3955 883 4021; x_wconf 91' lang='lat' dir='ltr'>omuino</span> <span class='ocrx_word' id='word_1_299' title='bbox 898 3977 981 4022; x_wconf 84' lang='lat' dir='ltr'>eam</span> <span class='ocrx_word' id='word_1_300' title='bbox 1018 3959 1208 4043; x_wconf 85' lang='lat' dir='ltr'>quaestionis</span> <span class='ocrx_word' id='word_1_301' title='bbox 1239 3956 1496 4044; x_wconf 84' lang='lat' dir='ltr'>explicationem,</span> <span class='ocrx_word' id='word_1_302' title='bbox 1532 3956 1570 4022; x_wconf 90' lang='lat' dir='ltr'>de</span> <span class='ocrx_word' id='word_1_303' title='bbox 1647 3943 1648 3960; x_wconf 48' lang='lat'>¹</span> 
     </span>
    </p>
   </div>
   <div class='ocr_carea' id='block_1_8' title="bbox 386 4053 1570 4358">
    <p class='ocr_par' dir='ltr' id='par_1_8' title="bbox 386 4053 1570 4358">
     <span class='ocr_line' id='line_1_36' title="bbox 390 4053 1567 4154; baseline 0.001 -29"><span class='ocrx_word' id='word_1_304' title='bbox 390 4081 453 4148; x_wconf 92' lang='lat' dir='ltr'>qua</span> <span class='ocrx_word' id='word_1_305' title='bbox 479 4061 531 4124; x_wconf 90' lang='lat' dir='ltr'>hic</span> <span class='ocrx_word' id='word_1_306' title='bbox 559 4053 682 4142; x_wconf 85' lang='lat' dir='ltr'>agitur,</span> <span class='ocrx_word' id='word_1_307' title='bbox 705 4057 896 4154; x_wconf 81' lang='lat' dir='ltr'>instituerit,</span> <span class='ocrx_word' id='word_1_308' title='bbox 915 4081 1025 4146; x_wconf 87' lang='lat' dir='ltr'>quum</span> <span class='ocrx_word' id='word_1_309' title='bbox 1048 4060 1177 4127; x_wconf 89' lang='lat' dir='ltr'>nonita</span> <span class='ocrx_word' id='word_1_310' title='bbox 1200 4055 1298 4126; x_wconf 85' lang='lat' dir='ltr'>multo</span> <span class='ocrx_word' id='word_1_311' title='bbox 1319 4068 1392 4147; x_wconf 90' lang='lat' dir='ltr'>post</span> <span class='ocrx_word' id='word_1_312' title='bbox 1413 4059 1567 4136; x_wconf 89' lang='lat' dir='ltr'>declaret,</span> 
     </span>
     <span class='ocr_line' id='line_1_37' title="bbox 386 4163 1570 4256; baseline -0.003 -25"><span class='ocrx_word' id='word_1_313' title='bbox 386 4165 441 4231; x_wconf 88' lang='lat' dir='ltr'>hic</span> <span class='ocrx_word' id='word_1_314' title='bbox 459 4165 595 4256; x_wconf 62' lang='lat' dir='ltr'>‘tractari</span> <span class='ocrx_word' id='word_1_315' title='bbox 623 4183 688 4228; x_wconf 92' lang='lat' dir='ltr'>non</span> <span class='ocrx_word' id='word_1_316' title='bbox 709 4183 805 4246; x_wconf 86' lang='lat' dir='ltr'>posse</span> <span class='ocrx_word' id='word_1_317' title='bbox 827 4180 884 4240; x_wconf 89' lang='lat' dir='ltr'>ea,</span> <span class='ocrx_word' id='word_1_318' title='bbox 916 4179 996 4250; x_wconf 86' lang='lat' dir='ltr'>quae</span> <span class='ocrx_word' id='word_1_319' title='bbox 1019 4164 1058 4229; x_wconf 89' lang='lat' dir='ltr'>ad</span> <span class='ocrx_word' id='word_1_320' title='bbox 1080 4166 1296 4251; x_wconf 86' lang='lat' dir='ltr'>quaestionem</span> <span class='ocrx_word' id='word_1_321' title='bbox 1318 4164 1357 4230; x_wconf 88' lang='lat' dir='ltr'>de</span> <span class='ocrx_word' id='word_1_322' title='bbox 1380 4164 1517 4240; x_wconf 84' lang='lat' dir='ltr'>institiae</span> <span class='ocrx_word' id='word_1_323' title='bbox 1538 4163 1570 4230; x_wconf 86' lang='lat' dir='ltr'>vi</span> 
     </span>
     <span class='ocr_line' id='line_1_38' title="bbox 386 4266 1569 4358; baseline 0.002 -22"><span class='ocrx_word' id='word_1_324' title='bbox 386 4289 429 4336; x_wconf 88' lang='lat' dir='ltr'>ac</span> <span class='ocrx_word' id='word_1_325' title='bbox 447 4275 560 4336; x_wconf 89' lang='lat' dir='ltr'>natura</span> <span class='ocrx_word' id='word_1_326' title='bbox 580 4266 769 4355; x_wconf 82' lang='lat' dir='ltr'>pertineant,</span> <span class='ocrx_word' id='word_1_327' title='bbox 790 4288 833 4336; x_wconf 83' lang='lat' dir='ltr'>ne</span> <span class='ocrx_word' id='word_1_328' title='bbox 853 4267 906 4348; x_wconf 89' lang='lat' dir='ltr'>ita,</span> <span class='ocrx_word' id='word_1_329' title='bbox 919 4267 1070 4336; x_wconf 71' lang='lat' dir='ltr'>&#39;nondum</span> <span class='ocrx_word' id='word_1_330' title='bbox 1085 4271 1226 4356; x_wconf 87' lang='lat' dir='ltr'>quaesitu</span> <span class='ocrx_word' id='word_1_331' title='bbox 1240 4289 1285 4350; x_wconf 86' lang='lat' dir='ltr'>re,</span> <span class='ocrx_word' id='word_1_332' title='bbox 1309 4266 1451 4358; x_wconf 82' lang='lat' dir='ltr'>quaestio</span> <span class='ocrx_word' id='word_1_333' title='bbox 1466 4271 1569 4338; x_wconf 82' lang='lat' dir='ltr'>solva·</span> 
     </span>
    </p>
   </div>
   <div class='ocr_carea' id='block_1_9' title="bbox 0 0 1660 5238">
    <p class='ocr_par' dir='ltr' id='par_1_9' title="bbox 0 0 1660 5238">
     <span class='ocr_line' id='line_1_39' title="bbox 0 0 1660 5238; baseline 0 1"><span class='ocrx_word' id='word_1_334' title='bbox 0 0 1660 5238; x_wconf 95' lang='lat' dir='ltr'> </span> 
     </span>
    </p>
   </div>
  </div>
 </body>
</html>
