3312 5238
893 371 1104 437 ..30-

396 529 457 594 hae
479 528 665 618 οιιεειῐίοιιε
686 523 813 612 longius
834 535 1001 606 remotae,⁴
1013 535 1069 595 aut
1089 529 1123 594 in
1144 527 1260 614 quihus
1281 523 1361 605 haee
1380 525 1467 594 inter
1487 527 1575 594 iusti-

397 631 474 696 tiam
502 638 535 696 et
560 636 665 714 partes
688 628 754 696 eius
777 651 848 696 eum
871 630 996 698 civitate
1019 632 1239 700 convenientia
1260 633 1366 698 minus
1387 639 1576 718 appareret,

399 767 441 782 -
463 735 572 818 quales
593 741 667 799 sunt
686 735 845 800 honorum
866 735 1023 813 omnium,
1048 734 1216 802 mulierum
1238 733 1478 820 liberorumque
1494 755 1579 801 eom-

399 839 519 914 munio‚
539 839 717 906 accuratior
730 839 899 924 disputatio
911 838 951 906 de
961 836 1196 924 magistratibus
1207 875 1249 888 -
1259 839 1446 906 interiectae
1460 844 1576 905 essent.

398 943 478 1007 Nam
506 939 546 1006 de
573 939 807 1028 magistratibus
831 943 926 1008 etiam
948 963 1018 1008 eam
1040 940 1082 1008 oh
1104 963 1230 1009 oausam
1252 963 1315 1008 uon
1336 943 1466 1008 videtur
1487 961 1580 1009 acen·

398 1046 497 1119 ratius
518 1063 613 1130 agere
634 1045 772 1114 voluisse
792 1048 854 1112 hoc
875 1047 963 1124 loco,
987 1049 1074 1134 quod
1096 1048 1135 1112 de
1158 1047 1207 1112 his
1230 1043 1401 1129 disputanti
1423 1043 1464 1110 ad
1486 1044 1579 1111 altius

398 1149 494 1216 etiam
509 1151 745 1234 assurgendum
767 1155 851 1218 esset
871 1150 1073 1233 principium,
1096 1152 1200 1215 ideam
1221 1138 1310 1225 nond
1334 1168 1429 1234 οοειο
1451 1169 1493 1214 ex
1515 1169 1579 1233 quo

398 1253 431 1318 in
447 1249 497 1316 his
512 1259 623 1318 cuneta
640 1261 837 1336 repetuntur,
854 1252 981 1321 iustitia.
1015 1255 1103 1336 Idem
1117 1255 1215 1337 igitur
1227 1251 1340 1318 iecisse
1354 1252 1579 1320 existimandus

399 1361 447 1424 est
461 1353 561 1432 Plato,
577 1376 767 1441 quamquam
781 1355 851 1422 aliis
862 1356 957 1438 etiam
974 1357 1013 1422 de
1028 1355 1141 1433 causis,
1163 1359 1249 1442 quod
1262 1353 1336 1421 lecit
1350 1358 1579 1424 Demosthenes

397 1460 431 1524 in
453 1460 595 1525 oratione
618 1461 760 1528 omnium
774 1457 967 1527 nobilissima
982 1480 1041 1546 pro
1056 1468 1183 1528 corona.
1215 1457 1263 1526 lbi
1285 1461 1369 1526 enim
1389 1463 1580 1532 Demosthe·

397 1581 454 1628 nes
483 1564 522 1628 de
550 1561 734 1648 gravissima
760 1573 851 1648 parte
870 1584 980 1632 remam
1002 1585 1022 1630 a
1042 1583 1076 1630 se
1099 1571 1273 1650 gestarum,
1299 1566 1331 1629 h.
1353 1584 1382 1630 e.
1405 1565 1579 1630 deultimo

398 1673 508 1735 contra
535 1665 714 1754 Philippum
746 1667 831 1734 hello
865 1676 898 1734 et
931 1667 1054 1753 proelio
1085 1673 1126 1736 ad
1156 1669 1372 1736 Chaeroneam
1397 1669 1578 1740 ‚commisso

399 1771 506 1839 dicere
527 1769 614 1838 nolle
635 1772 772 1849 videtu,
796 1769 919 1841 etiamsi
939 1774 1018 1843 hacc
1038 1774 1107 1856 ipsa
1122 1771 1173 1838 vel
1187 1769 1325 1838 maxime
1339 1771 1407 1836 eius
1421 1777 1580 1855 spectaret

398 1873 511 1942 oratio.
557 1875 603 1940 cf.
624 1873 658 1958 S.
682 1877 753 1948 110.
794 1869 968 1964 Ἥγοῦμαι
988 1875 1096 1944 τοίνυν
1116 1870 1233 1944 λοιπὸν
1254 1865 1337 1954 εἶναί
1354 1899 1414 1961 μοι
1430 1877 1506 1963 περὶ
1523 1874 1579 1940 τοῦ

397 1973 609 2069 κηρύγματος
637 1973 736 2046 εἰπεῖν
757 1983 814 2046 καὶ
839 1979 902 2048 τῶν
923 1975 1090 2048 εὐθυνῶν·
1120 1969 1161 2044 τὸ
1183 1973 1248 2068 γὰρ
1270 1971 1313 2056 ὡς
1335 1973 1377 2044 τὰ
1399 1971 1526 2066 ἄριστοί
1548 2000 1579 2042 τε

397 2081 561 2171 ἔπραττον
587 2085 642 2148 καί
665 2076 867 2159 διαπαντὸς
894 2077 1006 2159 είίνους
1035 2076 1100 2168 εἰμὶ
1124 2085 1181 2148 καὶ
1205 2075 1387 2173 πρόθυμος
1411 2067 1445 2146 εὗ
1472 2083 1579 2148 ποιεῖν

398 2178 487 2271 ὑμᾶς
502 2184 620 2262 ἱκανῶς
635 2184 669 2250 ἐκ
684 2184 748 2252 τῶν
766 2179 940 2274 εἰρημένων
954 2183 1168 2266 δεδηλῶσθαί
1176 2207 1236 2272 μοι
1251 2184 1379 2272 νομίζω.
1415 2184 1579 2250 Καίτοι

400 2283 447 2354 τὰ
469 2281 651 2374 μέγιστοί
682 2311 726 2374 με
758 2287 839 2354 τῶν
860 2289 1224 2375 πεπολιτευμένων
1253 2291 1322 2354 καὶ
1351 2289 1579 2379 πεπραγμέ-

398 2413 477 2460 νων
498 2390 663 2483 ἐμαυτῷ
684 2390 937 2480 παραλείπω,
967 2385 1211 2478 ὑπολαμβάνων
1231 2391 1441 2482 πρῶτονμὲν
1463 2390 1579 2485 ἐφεξῆς

399 2489 476 2573 τοὺς
497 2488 689 2585 περὶαύτοῦ
703 2495 763 2562 τοῦ
777 2489 974 2583 παρανόμου
988 2488 1108 2581 λόγους
1120 2489 1303 2564 ἀποδοῦναί
1314 2519 1356 2582 με
1371 2495 1446 2570 δεῖν,
1470 2483 1511 2560 εἴ
1515 2519 1536 2560 τ
1543 2519 1579 2575 α,

398 2592 470 2665 κᾶν
490 2601 614 2684 μηδὲν
636 2599 729 2666 εἴπω
750 2598 933 2685 περὶτῶν
955 2599 1105 2666 λοιπῶν
1126 2591 1439 2684 πολιτευμάτων,
1456 2592 1579 2686 ὁμοίως

397 2695 473 2791 παρ’
490 2695 580 2787 ὑμῶν
601 2695 727 2793 ἑκάστῳ
749 2697 788 2768 τὸ
811 2697 959 2780 συνειδὸς
976 2696 1134 2792 ὑπάρχειν
1150 2726 1229 2789 μοι..
1257 2703 1303 2770 Cf.
1320 2705 1463 2770 eadere
1478 2700 1579 2767 ‹lisse-

398 2810 520 2870 rentem
548 2807 728 2871 Disaenium
756 2806 790 2870 in
816 2803 954 2872 editione
975 2805 1243 2882 huiusorationis
1270 2827 1303 2890 p.
1334 2808 1405 2878 146.
1430 2840 1473 2852 -
1505 2808 1577 2875 148.

399 2911 470 2974 Non
489 2909 607 2992 poterit
623 2907 715 2974 facile
737 2909 874 2974 inveniri
886 2908 971 2992 apud
980 2916 1105 2980 veteres
1121 2915 1265 3001 auctores
1282 2909 1372 2978 aliud
1395 2908 1577 2992 exemplum

397 3009 475 3078 artis
507 3010 659 3080 orationis
690 3018 723 3077 et
749 3010 960 3079 instituendae
987 3020 1019 3078 et
1049 3012 1275 3098 dispeseendae
1304 3015 1408 3097 aptius
1436 3011 1477 3082 ad
1507 3012 1577 3078 illu·

397 3116 560 3183 strandum
581 3113 639 3192 td„
653 3117 687 3182 in
708 3137 771 3202 quo
792 3135 862 3182 cum
883 3114 1020 3210 maxime
1041 3124 1149 3184 nostra
1170 3123 1315 3184 versatur
1335 3117 1521 3200 disputatio,
1547 3122 1577 3180 et

398 3221 439 3284 ad
460 3226 547 3286 reete
567 3217 767 3286 iudicandam
794 3217 1024 3286 simulationem
1045 3220 1163 3306 quain
1183 3227 1248 3288 toto
1269 3225 1331 3288 hoc
1352 3241 1451 3306 opere
1476 3221 1577 3284 utitur

397 3321 499 3388 Plato.
521 3355 564 3372 --
585 3319 632 3390 Ah
660 3322 710 3388 his
737 3325 924 3390 dissentiens
951 3323 1260 3392 Sehleiermacherus
1287 3325 1321 3390 in
1340 3327 1425 3393 hunc
1445 3325 1576 3390 modum

398 3423 554 3509 disputat:
587 3429 659 3492 aSo
688 3428 749 3494 wie
776 3430 856 3492 anch
885 3427 939 3492 bei
965 3425 1025 3496 der
1044 3427 1181 3496 Maxime
1203 3430 1275 3494 dass
1296 3435 1392 3495 untes
1412 3425 1475 3493 den
1498 3431 1577 3494 Ver·

397 3528 577 3615 theidigern
597 3549 659 3600 nur
680 3531 859 3615 diejenigen
880 3551 920 3596 an
935 3534 993 3604 der
1007 3533 1188 3617 Regiemmg
1202 3529 1293 3598 Theil
1311 3533 1447 3598 nehmen
1461 3528 1574 3602 sollen,

397 3631 519 3701 welche
546 3636 646 3700 niehts
667 3632 711 3698 im
733 3636 849 3700 Stande
870 3643 979 3702 wdren
1000 3656 1039 3700 au
1061 3638 1137 3702 thun
1160 3634 1205 3702 als
1226 3633 1378 3703 hodurch
1400 3635 1456 3699 das
1479 3629 1576 3700 Wohl

399 3734 454 3802 des
478 3740 604 3804 Ganzen
625 3738 788 3822 gesordert
808 3736 905 3816 vird,
932 3741 1030 3804 sehon
1051 3735 1267 3816 vorschwebt,
1297 3755 1363 3806 was
1386 3744 1451 3822 erst
1472 3756 1574 3820 gagen

399 3843 455 3906 das
475 3843 565 3908 Ende
587 3839 643 3907 des
664 3843 799 3910 Werkes
821 3838 1007 3925 ausgeliihrt
1027 3844 1137 3918 αἰαὶ,-
1156 3844 1227 3908 dass
1254 3839 1390 3908 nhmlich
1418 3839 1470 3906 die
1495 3844 1575 3908 Ver-

399 3943 490 4008 nunlt
517 3943 612 4010 allein
639 3941 838 4010 heurtheilen
867 3947 990 4022 kenne,
1022 3965 1089 4014 was
1116 3948 1197 4013 auch
1219 3943 1281 4011 den
1302 3943 1422 4012 andern
1443 3942 1574 4010 Theilen

398 4043 457 4113 der
480 4045 569 4112 Seele
590 4045 720 4115 heilsam
741 4048 791 4124 ist,
813 4045 878 4114 und
899 4045 970 4115 dass
985 4051 1043 4114 der
1057 4049 1268 4132 Vemiinltige
1281 4047 1446 4116 alleinden
1460 4048 1574 4112 Werth

398 4147 481 4217 auch
501 4151 559 4214 der
580 4141 700 4216 andern
720 4143 965 4220 Lehenaweisen
986 4174 1025 4218 zu
1046 4150 1190 4218 sohdtzen
1210 4153 1347 4219 wisse.»
1394 4149 1440 4220 cf.
1462 4170 1496 4233 p.
1521 4151 1570 4215 17.

397 4251 514 4328 intrcd.
558 4253 651 4332 Qtds,
684 4275 822 4340 quaeso,
856 4253 891 4325 in
911 4253 969 4334 iis,
1003 4275 1085 4342 qaue
1105 4257 1167 4325 hoc
1186 4253 1258 4327 loco
1277 4239 1360 4324 diuit
1379 4253 1488 4331 Plato,
1522 4250 1572 4320 vel
