3312 5238
874 391 1083 460 „52-

382 547 459 630 dass
480 566 517 612 55
537 549 593 614 das
614 552 834 632 vergriisserte
853 552 926 616 Bild
940 553 1005 620 der
1027 555 1119 620 Seele
1141 554 1211 618 5515
1233 555 1312 631 soil,
1336 573 1391 621 um
1412 575 1453 620 55
1474 555 1556 622 dem·

381 653 495 737 551155
511 654 569 722 die
591 652 830 738 Gerechtigkeit
850 657 962 722 hesser
981 655 1243 725 zu'erkennen.r

465 758 504 822 15
527 757 583 824 ,1515
618 759 926 826 Schleiermacberus
956 781 1032 826 5555
1061 762 1150 826 151515
1179 763 1315 826 miscuit.
1367 765 1446 827 Nam
1476 771 1556 830 55515

380 861 460 925 vidit
491 864 685 944 respondere
715 865 800 928 hunc
828 863 962 928 militum
992 867 1137 930 ordinem
1159 867 1277 956 θυμῷ,
1310 887 1370 930 555
1399 866 1491 932 eiiam
1519 871 1556 932 ob

382 984 508 1046 capsam
529 967 705 1032 institutam
729 987 807 1040 5555,
833 989 927 1052 quam
950 975 985 1032 ut
1007 989 1045 1034 55
1065 971 1173 1034 omnia
1196 991 1278 1053 quae
1301 971 1440 1035 iustitiae
1461 972 1558 1036 notio-

377 1088 454 1150 nem
483 1062 674 1138 constituant
699 1072 733 1136 in
761 1071 888 1138 civitate
915 1093 1043 1157 quoque
1071 1075 1282 1158 reperiantur.
1334 1075 1448 1139 Parum
1478 1081 1557 1138 recte

379 1179 489 1260 autem
509 1175 544 1242 iu
565 1194 603 1240 55
623 1197 660 1240 55
682 1173 887 1257 reprehendit
909 1177 1083 1252 Platonem,
1108 1179 1199 1261 quod.
1216 1179 1260 1242 ita
1280 1178 1415 1243 nimium
1434 1197 1559 1264 praeva-

382 1277 463 1342 leret
483 1278 517 1340 in
540 1280 628 1348 omni
649 1282 708 1344 hac
730 1280 770 1344 (15
793 1278 919 1350 51511515
941 1281 1166 1365 disputatione,
1190 1282 1329 1346 iustitiae
1351 1283 1453 1357 ratio,
1476 1281 1558 1345 cuius

382 1385 622 1464 cognoscendae
645 1383 746 1466 gratia
766 1383 800 1448 id
820 1384 864 1446 115
886 1383 1063 1451 institutum
1084 1392 1185 1466 putat.
1231 1387 1310 1451 Num
1324 1403 1390 1450 non
1406 1386 1560 1472 praevalet

378 1487 414 1552 in
436 1489 485 1552 his
506 1489 644 1552 iustitiae
666 1490 766 1564 ratio,
799 1491 858 1555 sed
880 1487 987 1554 omnia
1010 1491 1051 1554 ad
1072 1489 1232 1554 civitatem
1254 1490 1426 1571 pertinent
1471 1488 1559 1551 Cuius

383 1611 481 1675 quum
495 1593 686 1678 principium
703 1594 849 1659 Socrates
863 1593 1015 1658 iustitiam
1030 1594 1200 1676 posuisset,
1225 1594 1331 1660 omnia
1342 1594 1383 1656 ad
1394 1611 1465 1656 eam
1481 1611 1561 1656 corn·

381 1715 504 1781 ponere
526 1697 647 1772 debuit,
673 1702 712 1762 et·
726 1679 901 1762 laudandus
922 1697 1029 1780 potius
1052 1699 1208 1780 estquod
1231 1703 1412 1762 constanter
1422 1697 1469 1760 «id
1479 1694 1559 1760 fecit

381 1802 454 1886 Ipsa
475 1806 582 1864 autem
605 1799 886 1880 Schleierrnacheri
908 1799 1128 1886 reprehensio,
1152 1803 1192 1864 ad
1213 1799 1367 1866 iustitiam
1388 1799 1441 1866 hic
1461 1799 1561 1864 omnia

383 1903 532 1990 componi
553 1911 647 1989 atque
669 1905 824 1980 ordinari,
847 1906 975 1989 probat,
999 1925 1065 1968 non
1086 1905 1197 1988 quaeri
1218 1905 1252 1969 in
1275 1903 1323 1968 his
1344 1904 1508 1977 iustitiam,
1522 1935 1560 1950 -

384 2011 468 2096 quod
496 2030 537 2075 ne
566 2006 637 2074 fieri
666 2010 796 2096 quidem
823 2010 945 2091 potuit,
976 2008 1215 2092 quamiustitia
1229 2010 1269 2072 tn
1291 2008 1480 2072 5511515511
1499 2013 1562 2068 155·

383 2133 477 2196 quam
500 2114 606 2196 imago
629 2115 784 2196 quaedam
806 2133 901 2178 verae
923 2110 1060 2178 iustitiae
1081 2112 1115 2176 15
1138 2113 1243 2176 auimo
1266 2147 1308 2160 -
1331 2114 1388 2176 sed
1411 2111 1561 2195 cognitam

382 2215 448 2282 iam
476 2213 598 2282 iontem
620 2237 690 2282 esse
713 2217 854 2283 omnium
876 2236 987 2288 eorum
1010 2235 1090 2298 quae
1112 2215 1277 2282 instituere
1298 2214 1446 2281 ridemus
1467 2215 1563 2278 Plato-

383 2340 468 2384 nem.
514 2323 553 2384 Et
574 2341 655 2404 quae
678 2323 718 2384 de
741 2322 837 2384 animi
858 2317 1077 2394 facultatibus,
1102 2337 1218 2384 oerum
1241 2337 1374 2384 numero
1397 2325 1563 2400 mauroque

381 2423 520 2500 ratione,
545 2445 606 2508 qua
628 2423 746 2490 iustitia
768 2422 911 2502 eificitur,
934 2420 1018 2488 inira
1040 2423 1199 2499 dicuntur,
1224 2443 1263 2488 ea
1284 2429 1348 2488 tarn
1366 2423 1584 2508 ptanaatque'

384 2529 667 2610 perspicerent,
691 2533 727 2592 51
748 2530 789 2593 ad
811 2549 850 2592 ea
871 2529 1058 2592 illustranda
1078 2547 1143 2592 non
1167 2547 1247 2610 opus
1269 2529 1312 2592 sit
1331 2528 1491 2592 civitatem
1513 2545 1563 2588 ex·

383 2640 499 2702 155555.
539 2633 602 2698 Sed
623 2651 689 2696 non
709 2633 759 2699 his
781 2630 883 2696 sotum
906 2627 1086 2699 defenditur
1106 2633 1207 2696 Plato.
1242 2635 1313 2697 Non
1328 2631 1421 2695 »enim
1442 2633 1563 2694 deerant

382 2734 624 2820 Aegyptiorum,
650 2737 788 2816 Cretum,
814 2737 1040 2820 Spartanorum
1062 2737 1215 2810 instituta,
1237 2755 1255 2798 5
1278 2737 1393 2819 quihus
1415 2755 1487 2800 earn
1502 2751 1563 2796 reru

386 2847 528 2906 mutuam
551 2846 710 2916 sumeret,
734 2861 753 2906 a
776 2843 968 2906 Graecorum
989 2837 1139 2903 institutis
1160 2859 1225 2904 nou
1247 2840 1491 2913 abhorrentem,
1515 2835 1563 2920 qui

385 2942 501 3008 vilibus
529 2941 662 3028 opificiis
684 2945 827 3029 corporis
848 2943 1010 3027 animique
1032 2943 1117 3015 51555
1140 2943 1301 3026 corrumpi
1322 2943 1560 3006 arbitrarentur.

385 3048 426 3112 Et
454 3048 610 3112 consentit
639 3049 699 3112 hac
731 3049 765 3112 in
797 3070 832 3111 55
860 3067 932 3111 cum
961 3049 1100 3136 Platone
1119 3047 1317 3113 Aristotetes.
1364 3045 1413 3110 Gi.
1438 3045 1561 3110 hristot

385 3152 452 3235 pol.
476 3148 532 3220 lib.
555 3151 624 3226 VII,
649 3153 734 3214 c.'8.
756 3153 841 3216 519.
866 3153 918 3215 ed.
944 3151 1103 3234 Goettling.
1143 3181 1148 3194 ·
1177 3203 1180 3212 .

473 3259 551 3320 Tum
575 3255 721 3320 Socrates
734 3253 899 3320 'electurus
923 3275 990 3331 eos,
1014 3257 1070 3339 qui
1091 3261 1204 3320 natura
1227 3255 1292 3338 apti
1315 3254 1378 3318 sint
1399 3256 1440 3319 ad
1458 3254 1564 3320 urbem

387 3360 638 3434 custodiendam,
662 3361 741 3422 haec
761 3359 963 3452 pronunciat:
985 3352 1164 3448 Ἡιιέτερον
1178 3354 1218 3438 δὴ
1234 3358 1330 3447 ἔργον
1344 3354 1385 3423 dv
1400 3359 1459 3438 εἴη,
1483 3357 1564 3441 aare
1580 3421 1583 3430 ,

387 3454 452 3526 οἶοί
474 3456 498 3525 τ’
524 3462 635 3548 ἐσμὲν,
658 3461 871 3542 ἐκλέξασθαι,
894 3463 977 3539 riute
998 3485 1033 3526 τε
1055 3465 1109 3528 καὶ
1133 3465 1228 3528 ποῖαι
1250 3455 1367 3552 φύσεις
1389 3455 1564 3540 ἐπιτήδειαι

387 3561 433 3642 εἰς
455 3559 579 3642 πόλεως
601 3560 764 3656 φυλακήν.
798 3561 984 3655 Ἡμέτερον
1004 3568 1127 3652 μέντοι.
1162 3561 1225 3630 Μὰ
1258 3564 1338 3641 Ata,
1368 3550 1408 3644 ἦν
1436 3559 1467 3629 δ’
1492 3556 1564 3647 ἐγὼ,

386 3663 446 3734 οὐκ
468 3664 536 3756 ἄρα
559 3669 690 3759 φαῦλον
711 3669 848 3758 πρᾶγμα
870 3664 1043 3762 ᾑραμεθα·
1073 3655 1162 3754 tiriae
1184 3670 1218 3734 δὲ
1234 3663 1294 3734 οὐκ
1308 3663 1564 3740 ἀποδειλιατέον,

390 3763 470 3838 ὅσον
491 3766 518 3856 y?
547 3769 588 3838 ἂν
610 3767 749 3857 δύναμις
771 3774 917 3865 παρείκῃ.
951 3767 997 3840 Oi
1019 3767 1083 3858 γὰρ
1107 3759 1175 3850 οὖν,
1197 3771 1306 3862 irrupi)
1329 3773 1379 3835 ita·
1394 3773 1428 3836 in
1450 3787 1565 3836 memo·

387 3876 470 3940 riam
491 3895 647 3950 revocans
669 3895 749 3963 quae
771 3899 804 3960 p.
830 3879 910 3952 372,
941 3880 981 3942 A.
1002 3878 1148 3952 dixerat,
1168 3883 1214 3939 -51
1235 3877 1329 3940 simui
1350 3877 1503 3949 mouens,
1533 3891 1564 3936 55

388 3979 644 4062 quaestionis-de
666 3981 803 4056 iustitia,
827 3981 924 4044 cuius.
938 3981 1150 4048 inveniendae
1171 3981 1272 4062 gratia
1294 3978 1371 4044 haec
1394 3975 1565 4044 555515511-

387 4088 509 4158 eantur,
532 4080 616 4152 bene
638 4105 814 4150 memorem
829 4105 909 4162 5555,
930 4105 971 4152 55
993 4083 1064 4170 quis
1086 4083 1201 4150 eorum
1223 4085 1277 4168 qui
1298 4086 1481 4160 audiebant,
1504 4101 1566 4146 555·

455 4301 479 4365 *t
499 4304 538 4358 ct.
558 4319 585 4370 p.
605 4307 667 4372 371,
687 4308 719 4359 E.
740 4309 779 4361 st.
