3344 5234
844 388 973 454 ...aa
1013 421 1061 438 .-

364 585 407 647 γι
437 563 508 626 καὶ
535 553 608 625 οὐκ
633 553 907 639 ἀποκνητέον.
950 557 1148 643 Quamquam
1177 547 1339 626 hocloco
1368 560 1545 642 interrogat

366 667 522 738 Socrates,
545 664 602 726 uhi
626 662 666 727 sit
687 663 721 726 in
742 661 956 737 bucciniano,
983 664 1046 726 iam
1061 664 1214 746 perfecta,
1241 664 1360 728 iustitia
1375 671 1408 727 et
1421 661 1546 728 iniusti-

364 770 426 842 tia,
461 768 706 850 Adimantusque
731 785 764 831 se
785 765 817 830 id
839 768 963 831 nescire
991 769 1181 852 respondet,
1215 765 1348 832 iormsse
1376 775 1482 831 tamen
1510 769 1545 830 in

364 876 480 938 horum
507 870 697 935 commercio
725 889 797 936 cam
829 872 963 954 reperiri
992 873 1186 956 suspicatur,
1222 877 1348 947 tamen,
1383 869 1545 934 affirmans

364 976 499 1040 fortasse
524 995 636 1040 verum
668 975 774 1038 dicere
806 977 1019 1038 Adimantum>
1040 981 1073 1038 et
1101 976 1318 1058 quaerendum
1343 995 1413 1039 esse
1438 995 1545 1058 neque

366 1075 592 1153 desistendum,
618 1081 673 1142 καὶ
696 1080 891 1142 σκεπτέον
912 1099 948 1162 γε
970 1081 1026 1142 καὶ
1042 1072 1100 1142 οὐκ
1115 1072 1325 1158 ἀποκνητέον,
1348 1098 1429 1164 quae
1446 1076 1546 1144 verba

365 1184 633 1268 adquaerendam
655 1181 805 1246 iustitiam
827 1182 987 1263 pertinere
1011 1180 1169 1256 videntur,
1192 1179 1248 1246 sed
1273 1181 1336 1246 alio
1360 1184 1454 1246 etiam
1470 1203 1545 1265 per-

365 1287 466 1352 tinere
486 1294 630 1371 possunt,
660 1283 803 1368 neglecta
828 1306 868 1348 ea
891 1287 1079 1369 quaestione
1102 1287 1144 1348 ita
1170 1287 1302 1374 pergit:¹
1321 1287 1463 1373 Πρῶτον
1485 1272 1546 1350 οὗν

366 1383 642 1481 σκεψώμεθα,
665 1388 736 1454 τίνα
760 1381 883 1476 τρόπον
905 1383 1136 1468 διαιτήσονται
1158 1393 1188 1454 ot
1212 1381 1297 1456 olleo
1319 1410 1545 1476 παρεσκευασ-

365 1497 467 1579 μένοι.
510 1495 588 1556 Sunt
619 1495 699 1558 haec
728 1513 856 1578 quoque
885 1494 928 1556 ita
955 1500 1154 1575 comparata,
1188 1501 1223 1558 ut
1256 1494 1295 1557 ad
1326 1493 1546 1580 quaestionem

365 1596 559 1684 propositam
587 1599 626 1661 de
650 1597 787 1661 iustitiae
809 1596 841 1660 vi
867 1603 898 1660 et
916 1601 1028 1660 natura
1046 1595 1206 1682 pertinere
1230 1604 1335 1682 putes.
1372 1600 1436 1660 lam
1460 1598 1547 1661 enim

367 1703 540 1768 Socratem
559 1698 591 1766 ὲν
620 1694 727 1765 αὐτῶν
748 1696 872 1786 τούτων
892 1700 986 1788 χρείᾳ
1013 1705 1077 1764 τινὶ
1102 1701 1141 1794 τῇ
1166 1696 1249 1789 πρὸς
1270 1695 1433 1780 ἀλλήλους
1454 1699 1547 1764 inda·

367 1813 512 1889 gaturum
533 1825 602 1870 esse
622 1806 773 1867 iustitiam
793 1812 888 1889 atque
903 1803 1086 1868 iniustitiam
1108 1811 1283 1886 exspectes.
1325 1805 1388 1867 Pro
1403 1825 1455 1879 eo,
1483 1803 1547 1868 cal-

365 1908 428 1973 lide
453 1910 589 1994 repetito
613 1908 770 1973 vocabulo
793 1903 1022 2000 σκεψώμεθα,
1057 1909 1259 1972 considerare
1289 1925 1323 1971 se
1350 1906 1431 1973 velle
1455 1909 1544 1982 dicit,

366 2031 430 2099 quo
456 2014 542 2076 victu
568 2011 657 2076 usuri
681 2014 755 2086 sint,
779 2011 869 2098 quasi
893 2013 926 2074 in
952 2013 1036 2076 victu
1064 2017 1174 2076 edrum
1200 2012 1387 2096 quotidiano
1407 2009 1547 2075 inveniri

366 2122 506 2202 possent,
534 2117 673 2200 quaein
700 2117 806 2180 animo
831 2113 1013 2200 quaerenda
1035 2135 1105 2178 esse
1126 2117 1228 2200 probe
1249 2117 1379 2184 sciebat.
1410 2117 1546 2178 Tantum

366 2239 445 2284 vero
465 2217 563 2291 abest,
586 2225 621 2283 ut
642 2220 790 2282 iustitiam
812 2219 963 2301 deinceps
985 2227 1116 2304 quaerat
1137 2221 1353 2294 Socrates,·nt
1367 2221 1547 2282 orationem

367 2325 442 2388 satis
459 2322 585 2407 longam
608 2326 660 2386 de'
674 2323 800 2404 civitate
823 2321 895 2386 iude
918 2330 1033 2388 nectat.
1073 2324 1259 2387 Necessario
1280 2331 1386 2386 tamen
1408 2323 1435 2386 si
1455 2323 1547 2386 iusti-

367 2429 442 2491 tiam
464 2429 496 2490 in
517 2425 641 2492 ciuitate
664 2434 843 2511 quaereret,
869 2424 929 2491 boc
951 2425 1023 2491 loco
1043 2426 1277 2490 subsistendum
1296 2421 1356 2490 snit
1376 2428 1548 2490 ostenden-

368 2533 518 2614 dumque,
546 2549 609 2615 quo
635 2533 731 2594 modo
755 2549 796 2594 ex
816 2531 980 2594 hominum
1004 2532 1196 2594 commercio
1219 2529 1306 2616 leges
1329 2535 1362 2592 et
1385 2528 1453 2594 iura
1470 2547 1547 2614 pre

368 2638 484 2708 deant,
523 2653 604 2718 quae
633 2633 695 2696 sint
719 2631 842 2697 initium
871 2635 1018 2701 iustitiae.
1061 2635 1108 2696 lta
1132 2635 1255 2698 institia
1285 2635 1414 2697 inventa
1440 2639 1544 2708 esset,

367 2740 492 2823 qualem
524 2757 619 2822 supra
646 2756 677 2822 p.
706 2740 782 2811 359,
814 2741 849 2800 A.
881 2739 930 2800 ed.
964 2738 1009 2800 St.
1042 2738 1231 2823 descriptam
1256 2739 1409 2810 vidimus,
1451 2757 1546 2822 quam

367 2843 505 2906 iustitiae
539 2839 696 2925 originem
728 2848 760 2904 et
791 2839 1008 2905 definitionem
1038 2842 1185 2904 Socrates
1220 2840 1331 2904 falsam
1366 2839 1544 2916 iudicabat,

368 2944 420 3010 eui
448 2967 488 3010 ex
512 2946 621 3009 animo
643 2947 780 3010 hominis
805 2952 918 3008 natura
944 2951 977 3007 et
997 2945 1045 3008 vis
1070 2947 1138 3010 eius
1164 2943 1350 3027 explicanda
1371 2946 1544 3011 videretur.

369 3048 415 3114 of.
441 3069 472 3132 p.
495 3051 568 3124 366,
591 3051 627 3113 C.
651 3051 695 3112 St.
734 3049 916 3112 Tenendum
931 3055 1096 3134 praeterea
1111 3047 1274 3112 Platonem
1293 3069 1333 3112 ne
1356 3047 1394 3111 iis
1416 3049 1546 3132 quidem

367 3154 464 3227 locis,
499 3153 742 3237 quibus'serius
758 3153 808 3215 ¹ad
833 3150 914 3215 hanc
950 3154 1056 3238 operis
1078 3160 1199 3238 partem
1226 3151 1354 3238 respicit
1379 3173 1415 3216 ac
1442 3155 1544 3226 docet,

368 3264 524 3342 quatenus
547 3275 585 3320 ea
606 3277 678 3319 curn
703 3256 888 3340 quaestione
909 3258 948 3320 de
966 3257 1087 3320 iustitia
1108 3275 1250 3320 connexa
1271 3257 1327 3331 sit,
1351 3258 1545 3322 mentionem

367 3361 474 3426 lacere
510 3360 568 3440 τῆς
600 3356 682 3447 πρὸς
713 3354 875 3438 ἀλλήλους
904 3351 1038 3446 χρείας,
1076 3361 1132 3424 sed
1161 3361 1229 3424 eius
1264 3359 1329 3434 rei,
1362 3362 1448 3444 quod
1476 3357 1546 3446 qut-

293 3541 297 3545 ,
367 3467 416 3529 vis
437 3483 534 3529 unum
555 3470 649 3548 atque
669 3483 759 3528 suum
778 3465 942 3546 negotium
964 3470 1085 3528 tractet.
1123 3467 1193 3528 Non
1216 3464 1314 3548 igitur
1337 3485 1412 3529 vere
1433 3465 1545 3550 quaeri

368 3571 430 3633 hoc
453 3567 525 3632 loco
546 3568 709 3642 iustitiam,
738 3564 793 3634 sed
813 3565 953 3630 simulari
975 3565 1203 3640 tantummodo,
1231 3569 1433 3632 evidensest.
1467 3569 1547 3632 Sunt

368 3691 447 3738 vero
469 3674 547 3735 haec
573 3671 615 3732 ita
640 3667 742 3744 facta,
777 3677 812 3734 ut
841 3676 942 3733 artem
967 3669 1125 3744 Platonis,
1152 3691 1224 3756 qua
1246 3673 1322 3756 quid
1345 3673 1487 3735 intendat
1515 3679 1547 3736 et

369 3794 521 3864 quorsom
551 3780 672 3859 spectet
697 3776 799 3837 omnis
826 3793 932 3838 sermo
957 3793 1051 3858 quam
1074 3775 1210 3838 maxime
1238 3774 1330 3851 celat,
1353 3773 1427 3838 inde
1452 3776 1547 3839 intel-

367 3879 468 3963 ligere
491 3879 610 3961 optime
632 3897 739 3961 queas.
783 3879 974 3962 Exspectant
995 3876 1258 3962 quidemomnes
1290 3881 1352 3942 iam
1381 3879 1545 3964 explicatis

369 3983 407 4048 iis
438 4003 519 4065 quae
549 3979 589 4045 de
622 3981 737 4044 civium
772 3981 858 4045 victu
892 3981 997 4046 dicere
1031 3980 1175 4055 volebat,
1221 3981 1357 4046 iustitiae
1390 3980 1544 4066 originem

368 4089 532 4152 Platonem
553 4082 776 4168 indagaturum
802 4105 884 4160 esse,
911 4107 976 4149 non
998 4087 1169 4150 sentientes
1193 4107 1227 4149 se
1254 4084 1313 4151 hoc
1334 4087 1405 4172 ipso
1429 4085 1500 4150 loco
1527 4107 1546 4150 a

368 4189 421 4256 uia
447 4187 561 4254 deduci
583 4195 614 4252 et
637 4193 786 4272 tanquam
806 4189 839 4251 in
860 4187 989 4254 insidias
1004 4191 1044 4254 ab
1059 4190 1152 4253 hoste
1167 4195 1299 4254 structas
1311 4189 1397 4254 ultro
1412 4190 1543 4254 intrare.

369 4298 449 4360 Nam
479 4294 524 4358 ita
552 4293 680 4376 longam
710 4292 787 4356 inde
816 4294 993 4359 orationem
1026 4294 1067 4357 de
1092 4293 1217 4358 einata
1249 4296 1348 4358 nectit
1378 4296 1543 4369 Socrates,
