3296 5232
572 415 804 482 ..305-

92 591 190 650 etwas
210 575 572 664 zusammenlriingendcs
601 576 655 642 boi
676 577 735 642 der
762 571 862 640 Socho
884 573 1019 658 geducht
1045 565 1149 650 habe,
1183 577 1272 638 suast

90 697 178 754 wilre
197 705 296 752 unser
314 687 437 750 Rathen
454 679 489 769 ja
511 681 594 748 ohne
614 679 679 746 Zicl
699 681 765 746 und
786 679 934 744 eroclr.«
978 677 1042 742 Sed
1062 679 1214 743 hactenus
1231 679 1272 742 dc

89 794 154 858 liis.
188 791 271 871 lam,
293 807 391 876 quum
411 785 472 852 ulia
492 782 687 852 firmioribus
708 783 901 869 argumentis
929 801 1025 866 quam
1044 787 1139 848 antea
1162 801 1276 868 super·

89 904 233 970 struere,
255 892 316 960 aia
338 911 438 978 caque
451 911 571 978 pauca,
595 907 676 974 quae
690 896 777 953 recte
793 886 972 952 desiderata
986 893 1076 965 sunt,
1101 888 1270 952 emendare

89 1019 189 1084 posse
208 997 390 1075 videamur,
414 1017 455 1062 ne
476 993 601 1061 veritas.
615 997 720 1061 denno
742 989 945 1068 obscuretur,
977 993 1018 1056 ad
1047 989 1181 1057 eandem
1201 1009 1272 1057 rem

89 1101 187 1170 nobis
213 1100 409 1169 redeundum
435 1121 504 1166 esse
532 1096 722 1182 putavimus.
768 1101 958 1183 chctcmus
986 1109 1042 1173 eu,
1073 1115 1157 1182 quae
1185 1099 1284 1162 recto·

89 1205 186 1273 nobis
208 1204 418 1292 disputavisse
439 1203 599 1270 videmur.

129 1308 132 1316 '
188 1312 341 1376 Virorum
375 1307 631 1376 doctissimorum
659 1306 722 1392 qui.
744 1308 784 1372 de
819 1323 952 1373 numero
978 1303 1116 1373 Platonis
1143 1303 1280 1393 scripse·

90 1421 186 1493 runt,
221 1415 305 1480 haud
332 1411 426 1480 facile
456 1416 527 1499 quis
555 1425 725 1478 numerum
755 1409 873 1477 inierit.
917 1412 1062 1490 Quorum
1087 1411 1226 1476 nomina'
1249 1412 1281 1476 ct

91 1517 265 1584 sententias
303 1517 331 1582 si
368 1535 563 1601 cognoscere
590 1515 688 1592 velis,
730 1515 824 1579 adeas
856 1515 889 1582 C.
911 1517 947 1580 E.
981 1515 1056 1582 Chr.
1096 1513 1282 1581 Schneideri

91 1620 237 1689 libellum
272 1639 338 1709 quo
369 1621 483 1686 Variae
511 1619 673 1686 rariorum
698 1620 742 1684 de
774 1617 913 1684 Platonis
948 1639 1082 1686 numero
1114 1620 1281 1704 opiniones

93 1727 307 1792 continentur.
360 1726 408 1790 Nc
442 1731 552 1791 nostra
586 1724 716 1810 quidem
750 1728 853 1789 aetate
889 1723 1076 1801 defuerunt,
1113 1722 1169 1808 qni
1195 1721 1283 1790 idom

93 1835 321 1914 argumentum,
345 1826 543 1895 tractandum
573 1826 636 1892 sihi
662 1833 835 1893 sumerent.
877 1828 914 1891 Iu
936 1847 1046 1892 eorum
1068 1847 1206 1893 numero
1234 1833 1283 1894 cst

92 1933 252 2004 Friesius.
282 1930 511 2005 Schneiderus,
541 1927 885 2014 Schleicrmochcrus.*)
934 1932 995 1996 Hic
1025 1949 1105 1998 vcro
1135 1931 1222 2016 qnod
1243 1929 1278 1997 in

95 2035 301 2125 explicando=
319 2039 381 2101 hoc
412 2055 544 2100 numero
578 2033 637 2100 sibi
669 2033 790 2100 oblatas
827 2031 1025 2101 dillicultatcs
1058 2033 1183 2101 solvere
1216 2054 1282 2103 non
1349 2035 1351 2038 ’

85 2144 268 2226 potuisset,
300 2138 438 2226 primum
464 2145 657 2205 commotum
689 2159 723 2204 sc
758 2157 828 2205 esse
846 2137 1042 2223 profitetur,
1075 2145 1113 2204 ut
1135 2145 1283 2225 coeptum

97 2264 177 2330 opus
200 2244 386 2308 Germanice
407 2243 553 2308 tradendi
574 2242 736 2333 Platonem
758 2263 776 2309 c
798 2245 944 2309 manibus
967 2241 1168 2330 deposuerit3
1194 2249 1225 2308 et
1238 2263 1280 2308 ne

97 2365 183 2412 nunc
203 2346 330 2432 quidem
345 2345 452 2412 omnia
466 2345 526 2412 sihi
541 2347 747 2433 adliqnidum
760 2350 912 2434 perducta
925 2346 1028 2413 videri
1042 2343 1279 2434 pronunciat.**)

96 2453 178 2516 Rom
197 2450 296 2534 igitur
317 2447 479 2516 difficilem
501 2450 672 2545 aggredior
687 2460 719 2516 ct
733 2454 873 2518 arduam.
911 2451 1017 2528 Quare
1039 2457 1075 2518 ut
1096 2447 1202 2516 omniu
1217 2471 1284 2514 ma-

97 2555 146 2640 gis
167 2554 261 2639 plana
283 2561 315 2620 et
336 2555 504 2642 perspicua
527 2553 619 2632 liant,
649 2556 682 2620 in
704 2556 774 2641 ipso
797 2556 886 2640 quasi
907 2554 1038 2622 introitu
1061 2552 1282 2638 disputationis

97 2656 320 2742 explicandum
340 2657 466 2726 videtur
488 2679 576 2736 esse,
608 2679 702 2744 quam
729 2659 813 2726 viam
841 2663 874 2724 in
895 2661 955 2725 hac
982 2656 1152 2745 scriptione
1183 2657 1283 2724 secuti

97 2763 208 2828 simus.
238 2764 348 2847 Itaque
363 2762 469 2846 ipsum
480 2761 618 2828 Platonis
629 2763 736 2829 locum
750 2761 887 2849 primum
901 2759 1143 2842 exhibebimus3
1167 2763 1286 2828 deinde

97 2872 251 2952 sequetur
271 2867 458 2953 placitorum
479 2867 731 2944 Platonicorum,
757 2887 839 2953 quae
859 2874 967 2934 tenere
989 2887 1119 2934 necesse
1147 2875 1212 2944 cst,
1243 2879 1285 2932 ex

97 2967 272 3053 Republica
292 2969 392 3054 petita
412 2970 601 3062 breuissima
622 2969 842 3050 adumbratim
876 2971 943 3037 tum
971 2971 1006 3037 in
1026 2991 1125 3039 uuum
1156 2968 1285 3055 collige-

97 3093 170 3138 mus
192 3093 301 3140 omncs
322 3071 528 3158 Reipublicae
542 3076 649 3152 locos,
674 3073 788 3160 quibus
803 3073 891 3141 Plato
908 3079 1041 3141 eandem
1058 3095 1142 3151 rem,
1165 3075 1285 3161 dequo

99 3174 151 3243 hic
172 3179 290 3268 agitur,
312 3176 448 3265 planius·
459 3178 645 3266 proposuit3
662 3185 831 3264 'postremo
845 3177 985 3246 Platonis
999 3196 1168 3248 numerum
1183 3175 1286 3263 expli·

51 3286 55 3290 '
102 3282 257 3348 cabimus.
772 3299 775 3306 ⁴

474 3507 689 3589 ,Numeros
715 3511 902 3591 Plutonis.

193 3697 277 3787 Φέρε
303 3696 424 3775 τοίνυν,
457 3682 497 3779 ἦν
524 3693 555 3764 δ’
587 3695 658 3784 ἐγὼ,
688 3693 885 3789 πειρώμεθα
908 3699 1028 3786 λέγειν,
1059 3697 1132 3767 τίνα
1160 3691 1285 3790 τρόπον

101 3800 300 3888 τιμοκρατία
326 3794 440 3887 γένοιτ’
477 3796 517 3867 ἂν
553 3803 586 3883 ἐξ
620 3797 866 3892 ἂριςοκροιτέας.
896 3799 917 3884 ἢ
945 3797 1019 3869 τόδε
1049 3809 1110 3891 μὲν
1139 3798 1282 3882 ἁπλοῦν,

101 3897 154 3972 ‘o'rr
176 3905 268 3971 πᾶσα
289 3904 438 3971 πολιτεία
458 3900 657 3992 μεταβάλλει
680 3903 713 3987 ἐξ
733 3901 838 3974 αὐτοῦ
858 3908 918 3972 τοῦ
934 3905 1065 3995 ἔχοντος
1087 3902 1149 3987 τὰς
1169 3902 1283 3999 ἀρχὰς,

110 4065 426 4079 *nnn—*unnu—

174 4155 198 4227 *l
216 4160 265 4212 ills
291 4173 363 4212 nunc
385 4161 515 4223 recedunt
538 4160 655 4215 Pulcslns
679 4165 707 4216 ct
725 4127 906 4218 schncldcrur
932 4165 1047 4230 lterum,
1070 4164 1225 4229 linuntur,
1248 4162 1282 4216 G.

101 4249 147 4306 Fr.
168 4249 350 4303 llermannns.

175 4336 209 4401 “l
228 4339 268 4395 dt.
287 4353 359 4396 nors.
375 4337 612 4396 scnrcrcmccncr.
631 4353 661 4408 p.
681 4341 734 4397 589
753 4355 815 4410 sqq.

1079 4445 1121 4512 20
