3296 5232
569 405 801 472 *321-

95 563 227 634 Οὐκοῦν
247 561 279 632 εἰ
297 562 340 632 τά
361 565 425 632 τῶν
446 560 571 632 πόλεων
592 567 702 644 πέντε,
724 571 780 632 καὶ
795 568 831 630 αἱ
845 565 909 632 τῶν
923 560 1059 632 ἰδιωτῶν
1074 573 1277 634 κατασκευαὶ

90 672 156 755 τῆς
182 670 293 764 ψυχῆς
321 671 412 735 πέντε
441 663 482 734 dv
512 657 581 734 εἶεν.
605 675 637 733 et
661 670 719 737 lib.
742 669 796 734 IV.
815 689 848 754 p.
874 669 951 748 λλὸ,
975 670 1008 738 C.
1044 662 1150 748 Όσοι,
1179 657 1220 750 ἦν
1242 667 1273 736 δ’

91 770 173 859 έγῶ,
194 773 366 838 πολιτειῶν
385 765 504 861 τρόποι
526 767 607 836 εἰσὶν
628 772 696 852 εἴδη
719 770 858 860 έγοντες,
881 774 1037 838 τοσοῦτοι
1051 769 1276 840 κινδυνεύουσι

91 881 152 941 καὶ
174 875 302 963 ψυχῶν·
312 869 430 963 τρόποι
444 863 537 940 εἶναι.
559 870 671 940 Πόσοι
694 869 751 955 δή,
773 877 877 942 Πέντε
898 883 973 962 μέν,
995 861 1036 956 ἦν
1058 870 1090 941 δ’
1115 871 1194 961 ἐγῶ,
1218 901 1278 943 πο-

92 978 241 1056 λιτειῶν,
271 981 363 1042 πέντε
398 979 433 1042 δὲ
464 976 588 1068 ψυχῆς.
637 979 742 1060 Itaque
775 977 939 1067 ἐπίτριτος
964 975 1107 1062 πυθμὴν
1132 974 1279 1064 πεμπάδι

92 1083 245 1164 συζυγεὶς
265 1083 352 1144 basia
373 1082 464 1143 totius
484 1081 714 1161 computationis
735 1083 833 1163 efficit.
877 1082 963 1158 Quas
985 1101 1063 1146 vero
1092 1076 1152 1147 δύο
1175 1077 1280 1168 άρμο-

92 1185 170 1261 νέας
190 1182 278 1247 Plato
301 1181 467 1264 intelligit?
490 1185 563 1246 Non
585 1183 769 1267 capiendam
791 1203 860 1248 esse
882 1204 995 1248 vocem
1017 1183 1056 1248 de
1078 1184 1149 1269 ipso
1163 1186 1281 1250 instru-

93 1294 276 1350 mentorum
298 1284 492 1349 musieornm
514 1303 627 1348 vocum
649 1295 858 1370 cantuumque
881 1295 1034 1352 concentu
1048 1307 1108 1373 per
1123 1308 1157 1352 se
1179 1297 1277 1370 patet.

94 1387 146 1452 Cf.
172 1388 226 1452 lib.
249 1389 291 1451 X.
316 1407 348 1473 p.
372 1390 448 1460 617,
473 1387 507 1450 C.
552 1389 615 1451 Sed
640 1391 735 1452 habet
755 1409 820 1453 vox
848 1388 942 1453 aliam
968 1410 1095 1474 quoque
1124 1388 1280 1473 signifiea-

92 1494 217 1557 tionem
238 1493 320 1574 apud
343 1489 516 1554 Platonem.
563 1487 611 1553 cf.
634 1489 690 1554 lib.
713 1492 766 1558 IV.
787 1511 818 1576 p.
840 1491 913 1554 td3.
938 1493 983 1554 st.
1035 1493 1108 1569 Quo
1136 1493 1207 1557 1000
1238 1495 1281 1558 si-

94 1592 250 1678 gnificare
259 1590 382 1658 videbis
394 1613 464 1656 eam
477 1611 587 1656 vocem
601 1591 799 1658 diversarum
811 1592 927 1658 virium
939 1603 1137 1660 concentum.
1162 1599 1280 1660 Eadem

94 1706 146 1762 est
173 1695 317 1760 vocabuli
347 1693 530 1778 significatio
562 1697 648 1777 apud
669 1697 912 1816 Pythagoraeos.
948 1698 994 1762 Cf.
1019 1686 1152 1763 Philolai
1174 1699 1279 1763 locum

96 1821 140 1866 ex
162 1800 285 1862 Nicom.
306 1797 392 1880 apud
411 1801 530 1862 B'oekh
553 1797 575 1862 l.
589 1801 611 1862 l.
636 1820 668 1880 p
694 1800 745 1862 61
782 1789 861 1864 Ἵνα
883 1801 918 1865 δὲ
941 1805 995 1865 καὶ
1022 1801 1166 1924 ἐναργῶς
1187 1825 1279 1870 πεισ

95 1903 217 1985 θῶμεν
243 1904 316 1990 περὶ
344 1900 406 1966 τῶν
434 1895 672 2020 λεγομέναν,“
662 1891 724 1966 ότι
751 1896 834 1990 σίρα
863 1903 905 1967 ἐκ
931 1906 1179 1989 μαχομένων
1208 1909 1282 1968 καὶ

99 2003 301 2070 ἐναντίων
323 2005 501 2084 συνέστη
525 1999 774 2069 τάόντακαὶ
797 1999 1284 2092 είκότωςάρμονίανίπε

97 2106 258 2187 δέξατο
280 2098 463 2190 ἁρμονία
486 2108 529 2170 δέ
550 2101 712 2184 πάντως
734 2107 1213 2193 ἐξέναντίωνγίνεται·’
1195 2131 1283 2176 εστι

100 2206 178 2297 γάρ
200 2203 382 2325 ἁρμονία
403 2211 669 2293 πολυμιγέων
696 2212 841 2288 ένωσις
868 2216 937 2277 καὶ
964 2211 1057 2299 δοχῶ
1085 2207 1284 2303 φρονεόν-

103 2334 181 2377 τιιυ
202 2306 451 2402 σόμφρασις·
495 2313 552 2377 His
580 2311 661 2377 adde
691 2312 788 2378 alium
816 2314 921 2379 locum
951 2336 991 2378 ex
1020 2317 1159 2379 Stobaeo
1180 2315 1224 2380 ib.
1249 2334 1281 2400 p.

104 2417 157 2478 62.
186 2415 251 2479 ἐπεὶ
279 2415 316 2479 δέ
344 2437 377 2479 τε
407 2409 507 2503 άρχαὶ
533 2409 688 2535 ὑπάρχον
719 2411 794 2502 οὐχ
825 2411 978 2502 ὁμοῖαι
1011 2411 1084 2483 όυδ
1115 2411 1285 2510 ὁμόφυλοι

103 2514 212 2592 ἕσσαι,
240 2511 305 2601 ἤδη
334 2503 547 2584 ἀδύνατον
527 2543 567 2597 ης
595 2511 636 2584 ῶν
667 2522 723 2582 καὶ
753 2513 870 2597 αὐταῖς
905 2519 1143 2642 κοσμηδῆμεν,
1178 2516 1208 2586 εἰ
1233 2517 1279 2606 μὴ

99 2613 247 2736 ῶρμογία
269 2619 487 2710 ἐπεγένετο,
472 2608 564 2685 ῶτινι
586 2615 627 2686 ῶν
649 2614 761 2712 τρόπῳ
784 2623 918 2706 ἐγένετο.
941 2618 985 2687 τά
1006 2630 1067 2709 μὲν
1090 2609 1134 2689 ῶν
1156 2617 1286 2706 ὁμοῖα

102 2726 160 2788 καὶ
186 2715 345 2814 ὁμόφυλα
367 2687 528 2812 ἁρμονίας
549 2717 656 2806 οὐδέν
675 2724 855 2790 ἐπεδέοντο·
879 2721 921 2790 τὰ
943 2727 978 2791 δέ
1001 2721 1182 2813 ῶνομοῐα
1204 2729 1286 2811 μηδὲ

101 2818 263 2914 ὁμόφυλα
289 2827 373 2911 μηδὲ
402 2820 549 2906 ἰσοτελῆ,
585 2819 714 2910 ἀνάγκα
749 2821 791 2891 τά
818 2828 960 2894 τοιαῦτα
996 2823 1140 2919 ἁρμονία
1172 2853 1287 2914 συγκε-

101 2929 281 3006 κλεῖσθαι,
310 2923 341 2994 εἰ
363 2930 516 3046 μέλλοντι
543 2929 576 2994 ἐν
609 2923 723 3047 κόσμμ
745 2932 966 3047 κατέγεσθαι.
991 2953 1054 3016 quo
1087 2932 1159 3000 loco
1192 2934 1287 2998 etiam

102 3027 385 3096 vocabulorum
367 3025 571 3117 ομοιοόντων
606 3067 648 3082 -
685 3027 930 3116 άνομοιοόντωυ
969 3035 1156 3117 explicatio,
1193 3056 1287 3122 quam

103 3143 200 3198 antea
228 3132 388 3209 dedimus,
417 3131 571 3199 firmatur
621 3139 693 3200 Duo
720 3135 818 3220 igitur
845 3141 1029 3202 harmoniae
1059 3159 1136 3222 quas
1164 3138 1287 3214 innuit,
1360 3126 1362 3130 ’

102 3245 177 3302 sunt
205 3234 268 3316 duo
298 3237 423 3301 diversa
452 3238 613 3301 civitatum
641 3257 777 3321 genera,
811 3247 956 3323 tempore
984 3217 1200 3317 decurrentia,
1230 3245 1289 3306 ho

101 3359 180 3402 num
209 3339 405 3424 malumque,
439 3339 529 3405 ouius
561 3339 680 3423 prioris
712 3362 795 3418 una,
825 3341 1013 3426 posterioris
1044 3365 1122 3409 vero
1153 3354 1291 3430 quatuor

100 3438 227 3506 formae
249 3450 338 3518 sunt,
366 3441 555 3524 prodeuntia
576 3442 610 3522 ἐξ
629 3443 795 3531 ἐπιτρίτου
824 3448 998 3531 πυθμένος
1026 3442 1173 3531 πεμπάδι
1196 3449 1291 3528 συζυ-

100 3545 218 3630 γέντος
239 3548 309 3633 τρὶς
341 3540 555 3625 αὐξηθέντος.
578 3544 617 3616 of.
640 3543 696 3610 lib.
726 3548 779 3611 [v.
803 3567 835 3633 p.
860 3549 934 3618 did,
959 3549 994 3612 G.
1033 3547 1104 3615 Καὶ
1133 3545 1214 3636 μὴν,
1247 3536 1289 3630 ἦν

102 3641 221 3730 δ’ἐγῶ,
243 3637 350 3737 ῶσπερ
373 3642 438 3713 ἀπὸ
461 3648 600 3726 σκοπιάς
620 3673 680 3734 μοι
702 3649 873 3739 φαίνεται,
898 3648 1007 3732 ἐπειδὴ
1030 3653 1184 3719 ἐνταῦθα
1208 3647 1290 3718 ἆναι

100 3743 293 3836 βεβήκαμεν
313 3749 373 3818 τοῦ
394 3743 512 3835 λόγου,
539 3744 576 3817 ἐν
601 3757 661 3835 μὲν
682 3741 766 3818 εἶναι
796 3742 882 3830 εἶδος
909 3754 970 3838 τῆς
998 3748 1140 3844 ῶρετῆς,
1169 3750 1291 3842 όίπειρα

103 3853 143 3918 δέ
165 3851 224 3936 τῆς
245 3855 380 3932 κακίας,
412 3854 555 3942 τέτταρα
577 3847 608 3918 δ’
632 3855 666 3920 ἐν
687 3849 802 3932 αὐτοῖς
825 3850 927 3936 όίττα,
958 3845 1002 3923 ῶν
1023 3861 1080 3922 καὶ
1098 3853 1194 3938 dicon
1222 3859 1291 3925 ἐπι-

103 3955 313 4073 μνησθῆναι.
342 3955 422 4033 Πῶς
435 3955 598 4040 λέγεις,·”
580 3981 653 4048 εφη.
672 3947 779 4036 Ὀσοι,
794 3943 918 4041 τῶνδ’
902 3955 973 4044 εγῶ,
987 3961 1162 4027 πολιτειῶν
1173 3981 1293 4050 τροπον

105 4060 189 4124 εισιν
217 4055 338 4138 εἴδη”
319 4081 459 4145 εχοντες,
488 4059 644 4125 τοσοῦτοι
683 4055 908 4127 κινδυνεύουσι
937 4066 992 4128 καὶ
1023 4064 1138 4156 ψυχῆς
1172 4057 1292 4149 τρόποι

106 4148 202 4226 εἶναι.
251 4155 365 4226 Πόσοι
390 4154 449 4241 δός
477 4164 582 4228 Πέντε
607 4169 684 4248 μὲν,
707 4149 800 4243 ἦνδ
833 4160 909 4284 ἐγὼ,
930 4168 1118 4248 πολιτειῶν,
1142 4167 1234 4232 πέντε
1256 4167 1292 4231 δὲ
1332 4173 1334 4180 “

105 4261 230 4350 ψυχῆς.
262 4261 393 4348 Λέγε,’
374 4287 448 4355 εφη,
471 4265 571 4349 τίνες,
584 4254 741 4352 Λέγω,
710 4289 810 4344 ειπον,
834 4257 888 4334 ὅτι
900 4259 946 4348 εἷς
958 4276 1019 4357 μέν
1029 4259 1136 4350 οὗτος,
1149 4261 1188 4335 δν
1198 4263 1293 4353 ἡμεῖς

1080 4383 1119 4444 21
