3344 5234
877 382 1090 450 ..Λῇ-

395 553 531 639 punam,
559 571 625 617 non
651 571 691 616 ex
713 547 802 618 sonte
827 569 899 628 suo,
923 555 955 618 h.
982 573 1011 616 e.
1033 553 1160 629 animo,
1187 555 1242 618 aed
1271 573 1312 618 ex
1335 550 1459 618 civitate
1484 552 1563 631 sola,

395 664 432 722 ut
441 655 505 720 vult
515 653 832 728 Schleiermacherus‚
845 657 1023 742 repetitam,
1046 655 1138 720 valde
1152 676 1296 722 mancam
1309 653 1448 722 futuram
1459 658 1563 748 fuisse,

395 780 456 824 uec
477 757 578 823 ullius:
595 760 679 824 docti
701 760 860 824 desiderio
882 743 1115 845 responsuram.
1144 761 1206 824 df.
1230 762 1406 826 excusum
1430 767 1565 826 acetrum

395 864 419 925 I·.
446 883 511 947 quo
533 870 737 946 argumenta,
763 864 877 948 quibua
906 863 1213 930 Schleiermacderua
1240 866 1356 932 docere
1380 865 1481 930 voluit
1500 867 1566 930 Ho-

396 966 518 1046 λιτείας
543 965 637 1032 finem
662 987 726 1032 uon
750 986 819 1032 esse
842 964 1097 1053 Rempublicam‚
1125 966 1324 1038 refelluntur.
1373 1014 1378 1023 ,

725 1223 728 1232 .
847 1130 1035 1243 suerso
1064 1181 1123 1242 n.

479 1344 600 1410 Deinde
614 1397 617 1408 .
629 1348 754 1413 enarrat
768 1316 926 1432 ‘Socrates'
948 1343 1084 1428 civitatisl
1102 1343 1277 1428 originem,
1291 1321 1294 1330 ’
1309 1363 1403 1430 quam
1426 1342 1498 1408 inde
1522 1365 1568 1408 re-

396 1447 494 1530 petit,
528 1449 614 1532 quod
643 1447 858 1534 unusquisque
883 1453 1026 1512 nostrum
1057 1445 1162 1510 multis
1191 1443 1289 1512 rebus
1311 1449 1477 1536 indigeat,
1513 1467 1568 1510 nec

396 1543 563 1638 αὐτάρκης
581 1552 631 1615 sit.
666 1552 725 1626 Ita,
753 1571 849 1636 quum
873 1550 1008 1614 aliorum
1031 1549 1149 1640 auxilio
1173 1552 1266 1636 nohis
1280 1543 1368 1633 'opus
1391 1552 1443 1625 sit,
1468 1551 1568 1636 plures

396 1673 495 1718 uuum
517 1654 549 1715 in
575 1655 680 1718 locum
708 1655 894 1739 congregari
917 1662 948 1718 et
970 1655 1048 1718 oriri
1075 1655 1244 1718 civitatem.
1290 1656 1356 1718 Iam
1379 1651 1412 1718 in
1431 1655 1482 1718 his
1504 1655 1569 1718 Pla·

396 1764 513 1846 tonem
537 1759 632 1822 animi
665 1761 820 1824 rationem
851 1760 1000 1824 habuisse
1036 1757 1344 1822 Schleiermacherus
1377 1759 1566 1842 suspicatur,

397 1881 490 1948 quem
513 1883 579 1926 uon
605 1862 705 1930 solum
727 1861 790 1940 hic,
819 1865 876 1926 sed
898 1862 966 1926 aliis
991 1863 1085 1928 etiam
1110 1863 1144 1924 in
1169 1859 1260 1935 locis,
1287 1883 1328 1928 ex
1350 1860 1482 1945 singulis
1502 1880 1569 1948 par·

396 1962 480 2030 tibus
505 1955 715 2052 compositum
741 1987 809 2030 esse
834 1966 923 2029 Plato
944 1967 1041 2042 dicat,
1076 1967 1120 2029 ita
1140 1967 1288 2052 quidem,
1316 1971 1352 2030 ut
1379 1967 1405 2029 si
1428 1966 1492 2030 vita
1516 1966 1569 2026 hu-

397 2088 490 2134 mana
508 2066 615 2134 sutura
637 2070 687 2144 sit,
712 2068 798 2134 nulia
815 2090 888 2156 pars
904 2071 1037 2134 aliarum
1051 2051 1187 2154 partium
1204 2069 1320 2134 auxilio
1338 2089 1448 2134 carere
1463 2067 1566 2154 possit.

400 2174 509 2238 «Auen
545 2174 647 2236 dieses
678 2175 757 2254 aher
788 2175 827 2236 ist
861 2173 918 2236 auf
948 2175 1004 2236 der
1033 2173 1153 2238 anderu
1185 2175 1269 2238 Seite
1295 2172 1383 2237 nicht
1409 2176 1492 2236 ohne
1519 2167 1568 2233 be·

397 2277 534 2340 stimmte
562 2277 742 2360 Beziehung
766 2273 824 2340 auf
847 2275 898 2341 die
925 2273 1034 2352 Seele,
1074 2274 1181 2362 sosern
1209 2274 1255 2340 sie
1284 2277 1371 2342 uicht
1395 2298 1457 2341 nur
1486 2275 1566 2346 hier,

397 2383 537 2444 sondern
557 2376 640 2445 auch
661 2381 859 2458 auderw'ajrts
885 2381 937 2443 hei
960 2381 1071 2444 Platon
1096 2379 1141 2444 als
1167 2363 1218 2445 ein
1234 2383 1568 2466 zusammengesetztes

397 2482 580 2568 dargcsteilt
600 2481 692 2558 wird,
714 2485 778 2549 uud
793 2503 877 2550 zwar
893 2504 940 2560 so,
963 2486 1034 2547 dass
1049 2503 1145 2564 wenn
1160 2483 1211 2548 ein
1228 2467 1569 2550 menschliches'uehen

398 2589 467 2652 sein
491 2585 561 2662 soll,
591 2589 702 2651 keiuer
724 2607 787 2652 von
812 2589 904 2652 ihren
926 2586 1179 2664 Bestandtheilen
1199 2589 1310 2674 irgeud
1330 2586 1418 2652 eines
1435 2607 1498 2653 von
1513 2583 1569 2649 deu

397 2694 518 2756 audem
547 2694 712 2762 entratheu
735 2675 859 2755 kann.»
886 2691 933 2754 Cf.
952 2690 1261 2760 Schleiermacherus
1282 2695 1399 2759 iutrod.
1417 2713 1450 2780 p.
1471 2694 1517 2754 13.
1532 2721 1569 2734 -

396 2799 466 2860 Nou
491 2796 621 2859 omuino
641 2815 727 2859 vere.
771 2781 850 2858 Nam
873 2797 899 2865 si
921 2794 999 2859 haec
1020 2815 1081 2858 con
1102 2781 1405 2861 adversari'dixisset
1420 2779 1569 2861 Schieier-

397 2901 564 2972 macheras
590 2897 752 2963 doctrinae
776 2897 914 2963 Platonis
943 2901 983 2961 de
1006 2891 1100 2963 animi
1125 2897 1337 2975 facultatibus,
1365 2899 1443 2965 nihil
1465 2902 1570 2962 contra

398 3001 545 3068 dicerem.
592 3000 652 3066 Sed
676 3023 773 3089 quum
799 3002 919 3094 nullum
947 3010 1057 3067 nostro
1078 3001 1150 3068 loco
1175 3003 1342 3088 vestigium
1366 3003 1459 3080 insit,
1491 2993 1571 3086 quod

397 3110 476 3172 haec
501 3107 597 3172 animi
622 3103 728 3171 habita
752 3105 873 3172 ratione
900 3107 1052 3182 dicantur,
1081 3109 1137 3194 qui
1158 3108 1350 3192 compositus
1376 3109 1417 3171 sit
1443 3129 1482 3172 ex
1507 3103 1571 3188 plu·

398 3209 486 3279 ribus
506 3212 661 3296 partibus,
689 3231 824 3298 quarum
846 3230 1070 3296 unaquaeque,
1102 3212 1129 3274 ei
1151 3213 1268 3296 quidam
1290 3214 1354 3276 cita
1375 3213 1508 3274 humana
1525 3207 1571 3288 so·

397 3324 469 3378 tora
484 3317 533 3390 ait,
555 3317 688 3400 aliorum
704 3316 827 3378 auxilio
841 3335 949 3401 ,curere
960 3335 1019 3377 ooo
1035 3317 1141 3400 possit,
1165 3335 1273 3379 veram
1292 3324 1407 3401 putare·
1419 3337 1485 3378 non
1501 3328 1571 3396 pos-

398 3439 467 3494 sum
500 3418 781 3484 Schleiermacheri
810 3407 1007 3483 senteutiam.
1052 3423 1169 3499 Verum
1188 3427 1301 3483 'autern
1333 3403 1381 3496 est
1397 3405 1472 3484 'iam
1499 3415 1570 3480 haee

396 3523 531 3608 repetita
550 3544 619 3587 esse
642 3544 680 3586 ex
702 3519 838 3586 iustitiae
859 3523 988 3586 notione
1004 3522 1104 3586 serius
1120 3509 1314 3606 explicanda.
1361 3527 1439 3588 Nam
1458 3512 1571 3585 descri-

398 3624 483 3691 bitur
513 3627 547 3689 in
578 3624 627 3696 his
659 3624 894 3714 tertiacivium
927 3623 1052 3700 classis,
1091 3629 1287 3712 respondeus
1319 3625 1372 3692 illa
1403 3625 1498 3702 animi
1529 3615 1571 3706 aq]

398 3726 639 3819 ἐπιθυμητικῷ.
676 3729 769 3805 Quod
793 3725 836 3790 ita
859 3749 940 3812 esse,
969 3749 1040 3792 cum
1061 3751 1113 3794 res
1136 3728 1204 3817 ipsa
1224 3732 1328 3807 docet,
1356 3737 1421 3795 tum
1445 3743 1570 3794 accura-

398 3830 459 3897 tius
485 3833 617 3897 anobis
642 3829 733 3907 iufra¹
747 3828 1022 3897 demonstrabitur.
1066 3835 1235 3900 Praeterea
1258 3835 1332 3899 dicit
1347 3833 1407 3900 hoc
1430 3832 1501 3900 loco
1517 3829 1570 3892 So·

399 3942 501 4000 crates
523 3955 780 4019 unumquemque
803 3937 858 3998 uui
880 3943 1000 3999 tantum
1019 3940 1147 4020 negotio
1164 3957 1293 4022 operam
1310 3941 1428 4003 dehere
1444 3951 1567 4004 navare,

398 4041 548 4126 quoniam
573 4040 605 4102 id
632 4058 701 4102 cum
724 4037 819 4103 animi
843 4027 1018 4115 facultates,
1045 4049 1114 4126 tum
1132 4043 1333 4126 negotiorum
1355 4041 1508 4129 perfectio
1530 4034 1570 4096 ita

397 4142 604 4230 postulent*).
650 4131 742 4217 Quod
762 4161 819 4206 cur
837 4144 880 4238 ita
901 4143 1091 4220 instituerit,
1123 4146 1191 4230 ipse
1215 4145 1350 4232 explicat
1374 4145 1428 4212 lib.
1453 4147 1512 4239 IV·
1536 4155 1566 4222 P·

468 4303 491 4361 'r
509 4304 548 4358 ct.
570 4317 595 4372 p.
615 4304 682 4364 ³⁶9,
703 4313 774 4364 texte.¹
788 4287 830 4366 ea.
852 4283 945 4377 staphi
