3312 5238
884 389 1092 495 ...θῇ-.-

403 539 571 629 άληθείαν
591 571 627 634 γε
648 551 722 637 περὶ
743 550 869 615 πολλοῦ
890 553 1052 630 ποιητέον.
1075 545 1106 616 εἰ
1117 546 1182 639 γάρ
1198 544 1315 639 ὀρθῶς
1329 550 1478 637 ἐλέγομεν
1496 545 1574 637 άρτι,

402 653 526 742 καὶτῷ
549 648 619 718 ὄντι
642 655 739 730 θεοῖς
760 659 820 738 μὲν
843 648 1010 740 ἄχρηστον
1030 654 1173 746 ψεῦδος,
1197 648 1394 743 ἀνθρώποις
1416 656 1451 720 δὲ
1470 651 1575 744 χρησι-

402 779 467 840 μον
494 751 537 832 ὡς
566 755 599 821 ἐν
625 750 807 846 φαρμάκου
837 756 929 836 εἴδει,
959 758 1060 838 δῆλον
1087 749 1139 823 ὅτι
1167 753 1204 822 τό
1226 781 1263 843 με
1286 759 1437 824 τοιοῦτον
1459 754 1577 848 ἰατροῖς

404 860 527 937 δοτέον,
551 853 699 935 ἰδιώταις
721 845 755 924 δὲ
779 853 841 946 οὐχ’
856 853 986 925 ἁπτέον.
1033 861 1148 940 Δῆλον,
1173 859 1248 952 ἔφη.
1299 864 1379 938 Τοῖς
1394 857 1526 951 ἄρχουσι
1542 859 1576 942 δῆ

405 956 617 1042 τῆςίιὸλεως,
641 963 728 1049 εἴπερ
750 966 836 1028 τισῖν
858 958 973 1039 ἄλλοις
994 957 1153 1053 προσῆκει
1167 959 1362 1048 ψεύδεσθαι
1385 961 1405 1045 ἢ
1427 966 1577 1052 πολεμίων

403 1061 426 1145 ἢ
438 1065 589 1130 ιπολιτιῖν
611 1066 702 1130 ἕνεκα
725 1059 769 1130 ἐπ’
795 1059 937 1156 ὠφελείᾳ
958 1066 1016 1144 τῆς
1037 1061 1179 1146 πόλεως,
1201 1068 1328 1142 code-dd
1351 1064 1466 1146 ἄλλοις
1487 1069 1577 1136 πᾶσιν

404 1164 464 1254 οὐχ
485 1162 606 1234 ἁπτέον
629 1169 687 1234 τοῦ
710 1162 882 1234 τοιούτου·
913 1165 999 1234 ἀλλὰ
1020 1161 1104 1256 πρός
1126 1193 1162 1254 γε
1185 1167 1225 1251 δὴ
1249 1167 1327 1248 τοὺς
1340 1166 1512 1249 τοιούτους
1526 1168 1578 1261 iip-

384 1295 527 1359 ,χοντας
557 1266 668 1364 ἰδιώτῃ
691 1266 896 1362 ψεύσασθαι
922 1267 1045 1338 ταύτὸν
1066 1277 1121 1338 καὶ
1144 1275 1254 1358 μεῖζον
1276 1268 1458 1363 ἁμάρτημα
1482 1270 1578 1367 prioc-

402 1399 472 1462 μιν,
495 1371 515 1456 ἢ
540 1369 696 1460 κάμνοντι
720 1371 804 1464 πρὸς
829 1370 946 1461 ἰατρὸν
972 1371 992 1456 ἢ
1014 1369 1172 1442 ἀσκοῦντι
1187 1373 1270 1460 πρὸς
1282 1379 1502 1467 παιδοτρίβην
1515 1383 1580 1466 περὶ

405 1479 468 1544 τῶν
492 1479 551 1544 τοῦ
575 1473 679 1544 αὑτοῦ
706 1474 860 1565 σώματος
882 1473 1099 1566 παθημάτων
1113 1475 1159 1565 μὴ
1176 1475 1315 1562 τάληθῆ
1329 1484 1450 1566 λέγειν,
1472 1477 1493 1562 ἢ
1506 1479 1579 1570 πρὸς

405 1577 606 1669 κυβερνήτην
633 1586 706 1667 περὶ
731 1583 790 1662 τῆς
814 1577 892 1660 νεώς
919 1607 952 1648 τε
977 1587 1034 1648 καὶ
1059 1583 1123 1648 τῶν
1143 1585 1269 1650 ναυτῶν
1290 1581 1336 1670 μῆ
1364 1581 1405 1650 τά
1432 1581 1512 1651 ὄντα
1535 1588 1579 1649 λε’·

405 1709 508 1772 yeme,
536 1676 623 1763 ὅπως
645 1682 665 1766 ἢ
686 1680 787 1763 αὐτὸς
811 1682 833 1766 ἤ
856 1706 906 1762 τις
929 1685 992 1751 τῶν
1014 1685 1198 1766 ξονναυτῶν
1216 1682 1362 1775 πράξεως
1385 1687 1460 1776 ἔχει.
1484 1683 1578 1768 Ἀλη-

406 1793 582 1868 θὲστατα,
599 1787 673 1882 ἔφη.
703 1786 767 1856 ’tn
791 1785 840 1878 ἄρ’
869 1785 972 1858 ἄλλον
994 1787 1067 1856 τινὰ
1089 1784 1246 1884 λαμβάνῃ
1269 1785 1476 1883 ψευδόμενον
1495 1792 1528 1856 ἐν
1548 1790 1579 1884 τῆ

404 1888 513 1973 πόλει,
543 1893 619 1974 τῶν,
646 1889 682 1958 οἰ
704 1895 899 1984 δημιουργοὶ
930 1891 1040 1972 ἔτισα,
1076 1889 1211 1960 Μάντιν
1236 1891 1257 1976 ἢ
1284 1891 1404 1986 ἰητῆρα
1433 1890 1579 1974 needed

404 2001 541 2064 τέκτονα
565 1992 701 2085 δούρων,
727 1992 861 2063 κολάσει
886 1990 929 2076 ὡς
951 1994 1150 2085 ἐπιτήδευμα
1165 1993 1355 2084 sememonten
1382 1995 1507 2078 πόλεως
1530 1989 1580 2076 ὥς·

405 2123 464 2192 περ
492 2097 568 2178 νεὼς
594 2095 832 2191 ἀνατρεπτικόν
853 2125 887 2166 τε
910 2105 966 2166 καὶ
989 2095 1160 2189 ὀλέθριον.
1199 2098 1279 2170 Ἐάν
1298 2127 1343 2187 γε,
1368 2092 1388 2184 ai
1419 2099 1446 2168 δ’
1469 2095 1514 2182 ὃς,
1537 2100 1580 2167 ini

403 2229 442 2296 με
469 2198 557 2294 λόγῳ
585 2203 665 2292 ἔργα
692 2205 837 2285 τελῆται.
885 2205 933 2268 Cf.
961 2224 994 2291 p.
1020 2207 1103 2281 389,
1136 2209 1173 2270 Β.
1209 2209 1254 2270 St.
1300 2204 1349 2270 Ad
1373 2209 1460 2272 huno
1487 2206 1580 2272 iocum

407 2307 718 2380 Schleiermaeherns
732 2327 765 2394 p.
783 2308 857 2372 5t1.
876 2327 951 2372 vere
966 2310 1045 2373 haec
1059 2307 1240 2374 adnotavit:
1267 2313 1336 2375 «Es
1351 2313 1390 2375 ist
1404 2309 1493 2376 wohl
1508 2313 1582 2374 nicht

407 2414 492 2478 ohne
517 2410 694 2496 kiinstliche
719 2411 986 2502 Absichtlichkeit,
1015 2413 1087 2478 dass
1108 2416 1219 2480 Pluton
1233 2414 1304 2479 hier
1318 2417 1398 2480 nach
1413 2415 1582 2498 Reinigung

407 2520 466 2610 der
503 2517 775 2602 mythologischen
808 2519 1024 2602 Derstellung,
1056 2551 1098 2566 -
1131 2559 1171 2572 .-
1205 2517 1255 2582 die
1289 2526 1373 2584 erste
1401 2520 1582 2600 Andcutunq

328 2635 330 2640 ·
404 2620 578 2704 gleichsam
604 2620 845 2686 einsehteichen,
857 2623 933 2686 ldsst
948 2640 1011 2685 von
1027 2613 1264 2693 cinem'Reehte
1280 2621 1338 2686 der
1355 2620 1578 2706 Regierendem

406 2723 552 2790 Felsches
573 2724 766 2796 wissentlioh
788 2725 844 2790 [ϋτ
864 2723 999 2791 Wohres
1015 2747 1054 2792 το
1068 2723 1211 2816 gebenn
1251 2729 1329 2790 Nam
1349 2724 1497 2792 dicuntur
1513 2728 1581 2790 haec

407 2827 531 2894 ratione
560 2826 666 2894 habita
692 2849 906 2916 eorumquae
933 2827 1022 2894 libro.
1040 2832 1094 2894 111.
1121 2849 1154 2915 p.
1178 2817 1253 2896 ten
1281 2833 1364 2894 med.
1393 2849 1464 2916 sqq.
1492 2826 1581 2914 expli-

406 2935 537 3024 cantur,
565 2942 600 2998 et
624 2937 860 3026 demonstretur
884 2933 935 2998 his
964 2933 1075 3010 etiam,
1112 2953 1176 3000 non
1201 2933 1303 3002 solum
1328 2933 1411 3000 «hane
1436 2930 1581 3002 sermonis

405 3047 528 3124 partem
559 3037 599 3104 ed
624 3037 860 3123 Rempublicam
886 3039 1057 3122 pertinere,
1083 3042 1139 3102 sed
1158 3025 1279 3104 summa
1302 3037 1397 3102 etiem
1420 3048 1488 3104 erte
1508 3035 1582 3100 hunc

408 3139 447 3234 de
470 3140 593 3206 civitate
608 3161 788 3208 sermonem
803 3141 865 3206 iem
884 3139 925 3204 ab
942 3140 1033 3208 initio
1050 3140 1093 3210 ita
1115 3143 1301 3226 dispositum
1315 3161 1400 3215 esse,
1429 3150 1464 3207 nt
1484 3136 1582 3208 omnia

405 3243 490 3311 inter
515 3267 549 3312 se
573 3245 756 3329 conspirent
780 3250 875 3329 atque
901 3253 1085 3330 congruent.
1113 3275 1155 3294 -·-
1183 3247 1254 3312 Non
1280 3237 1411 3310 omnino
1438 3265 1515 3316 vere
1540 3248 1582 3306 to·

407 3349 469 3416 tius
484 3349 545 3416 loci
562 3354 746 3416 sententium
764 3349 883 3434 accepit
898 3347 1119 3415 Schneiderns.
1144 3350 1193 3414 Cf.
1209 3348 1281 3414 eius
1292 3349 1365 3414 adn.
1379 3369 1412 3434 p.
1430 3350 1504 3414 dm.
1518 3349 1581 3412 22&

408 3451 469 3532 Qui
490 3475 588 3540 quum
607 3462 694 3518 recte
710 3452 853 3529 sentiret,
877 3452 911 3518 in
933 3452 997 3529 his,
1023 3451 1194 3520 secundum
1210 3452 1431 3539 disputationis
1446 3451 1582 3518 ordinem

407 3577 444 3624 ec
476 3555 732 3648 dispositionem,
764 3575 944 3622 sermonem
981 3578 1049 3622 esse
1083 3555 1199 3622 debere
1227 3555 1268 3628 ¹de
1301 3561 1480 3642 praeceptis
1511 3571 1582 3639 quae

407 3667 522 3748 potitae
548 3660 579 3724 in
603 3653 795 3726 carminibus
817 3669 1045 3746 sequerentur,
1076 3656 1317 3744 taisoputevit,
1346 3663 1504 3724 Socratem
1529 3674 1583 3722 και

407 3785 524 3828 summo
546 3766 740 3846 mnqistrotni
761 3766 833 3852 ipsi,
860 3765 894 3828 de
912 3786 969 3848 qno
990 3766 1102 3828 scilicet
1119 3785 1216 3828 nermo
1234 3763 1291 3827 tn'c
1303 3783 1363 3827 esee
1377 3783 1439 3827 non
1447 3761 1581 3846 potnerit,

407 3870 457 3932 ned
472 3869 572 3950 po'e'tis
593 3887 660 3931 enm
679 3869 798 3949 fictoris
822 3878 849 3931 et
866 3870 901 3931 ιἰι
923 3889 1041 3932 scenam
1059 3870 1259 3950 prodmtnris
1284 3869 1474 3943 ininnnnn,
1504 3875 1537 3930 nt
1555 3865 1583 3926 in

407 3980 503 4036 certos
525 3973 668 4054 qnondam
692 3969 844 4034 mendaces
865 3973 1146 4036 animadvertentem
1164 3973 1356 4047 exhiberent,
1382 3971 1583 4034 Adimantum·

407 4097 471 4162 qne,
497 4093 589 4158 qnnm
612 4077 751 4139 Socrates
772 4075 827 4138 dee
844 4073 879 4139 de
897 4079 1020 4166 oeritnte
1029 4079 1244 4160 praeceptum,
1262 4096 1323 4139 nen
1346 4069 1583 4158 quemadmodum

408 4176 526 4263 reliqna
546 4179 593 4268 ad
614 4181 810 4264 pnrpondnm
838 4181 1103 4263 corripendnmqne
1130 4188 1253 4262 poetam
1284 4181 1479 4270 adhibuisset,
1508 4175 1583 4262 ,qnid

408 4284 584 4350 dedictum
607 4273 712 4367 fcerit,
736 4291 774 4349 at
788 4285 983 4367 magistratui
1001 4285 1063 4367 ipsi
1083 4283 1251 4376 iniunctum
1270 4284 1367 4360 videri
1383 4291 1496 4369 ponet,
1520 4297 1583 4348 eon·
