3344 5234
581 392 796 462 ..qq-

98 548 204 616 rideri
226 547 322 616 debet
341 549 400 616 ista
422 550 560 637 partitio.
588 550 615 618 si
636 551 825 640 negligenda
846 558 894 620 est
914 574 1033 620 nexum
1054 553 1151 622 totius
1173 556 1283 644 operis

99 651 329 740 quaerentibus
358 654 419 720 nisi
451 654 573 723 turbari
593 655 704 732 veiint,
733 665 829 742 atque
850 657 1017 726 adeonon
1038 658 1198 735 ridemus,
1226 681 1284 726 our

98 761 141 822 oh
164 757 382 844 antiquitatem
405 779 495 824 suant
516 759 650 826 retineri·
668 759 789 836 debeat,
812 759 840 826 ri
856 782 874 827 a
888 760 1017 828 Platone
1031 761 1203 849 proiectam
1217 785 1283 830 non

99 881 171 927 esse
201 860 412 928 demonstrari
440 862 550 949 possit.
597 865 659 928 Sed
689 864 752 929 iem
777 864 881 931 statim
902 863 992 930 initio
1014 887 1072 932 nos
1093 867 1209 933 retinet
1228 867 1283 934 ilia

98 965 270 1050 cogitatio:
302 987 362 1051 qua
391 964 517 1036 fortuna
539 965 654 1034 factam
677 967 734 1040 sit,
765 977 801 1032 ut
823 977 964 1056 quatuor
979 968 1134 1036 tibrorum
1156 970 1280 1037 initium

99 1089 171 1134 eum
194 1077 282 1134 reeta
303 1068 473 1154 partitione
495 1071 600 1155 operis
622 1071 803 1158 conspiret?
831 1072 954 1138 Deinde
969 1094 1028 1138 neo
1042 1074 1101 1139 ista
1115 1074 1282 1140 temeraria

99 1193 213 1238 eorum
238 1173 292 1261 qui
314 1194 393 1260 opos
408 1174 440 1240 in
455 1172 554 1239 libros
569 1172 797 1259 dispesouerint
816 1195 892 1268 cura
907 1176 1026 1248 arridet
1041 1176 1145 1243 animo
1160 1186 1280 1254 nostro,

99 1278 152 1366 qui
176 1282 210 1342 in
233 1285 322 1364 parte
344 1275 472 1364 quidem
494 1271 650 1343 librorum
676 1287 913 1364 argumentum,
944 1277 976 1354 in
1005 1279 1135 1366 reliquis
1163 1281 1278 1346 molent

99 1390 222 1448 tantum
251 1379 441 1468 spectavisse
471 1383 627 1448 dicuntur.
671 1383 759 1448 Haeo
780 1381 861 1470 diota
882 1381 915 1448 in
940 1401 1087 1468 praeseus
1108 1381 1280 1462 sufficiant;

100 1505 181 1573 quae
219 1493 383 1571 praeterea
421 1484 552 1551 dicenda
587 1493 660 1550 sunt
695 1485 760 1551 suis
796 1484 873 1551 loeis
902 1485 1066 1556 addentur.
1098 1517 1137 1542 -ν
1164 1491 1278 1554 Nostra

100 1609 178 1656 vero
207 1589 362 1654 sententia
389 1593 468 1654 haee
497 1591 628 1676 estaln
656 1588 902 1674 singuiislibris
930 1589 1067 1675 partium
1095 1591 1217 1676 operis,
1247 1593 1280 1658 in

104 1715 177 1782 quas
201 1690 454 1758 distribuendum
477 1689 653 1768 videbatur,
676 1692 799 1778 initium
822 1695 901 1768 esse,
923 1693 1102 1768 italtamen,
1125 1701 1169 1769 ut,
1192 1695 1278 1781 quod

104 1799 176 1864 artis
197 1796 331 1880 regulae
347 1805 379 1862 et
392 1795 635 1884 dialoginatura
649 1794 858 1882 postulabant,
882 1814 938 1866 eae
950 1797 1149 1866 transitiones
1161 1797 1201 1864 ab
1217 1821 1279 1864 una

101 1910 190 1989 parte
218 1899 449 1986 disputationis·
466 1896 505 1966 ad
525 1900 663 1970 alteram
691 1901 734 1968 ita
758 1901 846 1966 tenes
876 1899 952 1976 sint,
981 1906 1016 1966 ut
1035 1909 1186 1988 pentum
1208 1901 1282 1970 fieri

100 2005 201 2094 possit
222 2003 354 2071 minima
374 2011 556 2090 appareant.
600 2007 712 2092 Neque
734 2011 888 2090 repugnat
909 2002 986 2070 haee
1007 2005 1161 2072 sententia
1181 2005 1284 2080 alteri.

100 2109 240 2178 voluisse
261 2107 433 2182 Platonem,
457 2106 560 2174 videri
581 2115 682 2175 totum
704 2129 785 2192 opus
807 2107 896 2194 quesi
918 2121 1017 2178 uuum
1038 2107 1196 2194 quoddam
1209 2131 1281 2178 cor·

100 2235 160 2300 pus
183 2221 278 2297 atque
300 2215 468 2295 integrum.
487 2247 530 2262 -·-
550 2217 598 2282 De
626 2211 730 2296 primo
759 2215 827 2278 hoo
848 2210 935 2280 libro
959 2231 1018 2276 nos
1044 2231 1121 2280 vere
1142 2213 1283 2282 iudicare

100 2319 292 2400 interpretes
318 2335 430 2382 omues
451 2315 660 2386 consentiunt.
703 2320 782 2390 Nam
804 2314 933 2383 secundi
955 2313 1029 2381 libri
1050 2314 1191 2384 initium:
1222 2313 1284 2402 ἐγὼ

101 2427 160 2506 μὲν
186 2405 246 2487 οὖν
272 2419 378 2484 ταῦτα
401 2414 499 2484 εἰπών
527 2415 617 2510 ᾤμην
637 2414 738 2504 λόγου
760 2414 998 2508 ἀπηλλάχθαι·
1024 2415 1062 2484 τὸ
1083 2412 1115 2484 δ’
1140 2405 1180 2499 ἦν
1205 2415 1284 2508 ἄρα,

104 2518 145 2601 ὡς
160 2522 257 2602 ἔοικε,
278 2522 467 2611 προοίμιον,
490 2544 530 2591 ea
550 2527 594 2588 de.
611 2541 648 2588 re
665 2521 814 2596 dubitare
836 2525 894 2590 nos
916 2542 980 2591 non
1001 2520 1085 2589 sinit.
1131 2509 1296 2594 Ceterum'

103 2626 141 2694 of.
164 2625 348 2696 Schneider.
364 2625 468 2714 praei
491 2648 522 2710 p.
544 2629 614 2704 XII,
637 2617 724 2704 xtu.
