3298 5232
561 383 793 448 -166-

88 546 160 606 turn
187 544 251 616 est,
282 539 326 603 ita
351 541 411 604 hoc
436 525 531 606 etiam
560 542 632 605 loco
658 541 802 607 accidere
828 537 961 609 ridebis.
1004 533 1094 603 Falli
1107 527 1270 622 cespati«

88 665 164 708 mur
186 645 246 708 hac
269 644 407 710 Socratis
430 642 620 710 liberalitate
647 651 680 709 et
701 647 824 710 astuti-a.
869 648 916 708 lta
936 642 1032 728 igitur
1054 644 1142 708 nulla
1158 659 1271 707 eorum

88 761 174 831 quae
197 748 315 813 Glauco
336 735 533 832 interrogare
552 747 698 814 voluerat
716 751 836 816 ratione
855 746 971 823 habita,
994 765 1096 814 novae
1117 748 1165 812 rei
1179 753 1273 812 antea

87 849 300 938 explicandae
321 851 517 918 mentionem
536 851 667 929 faciens,
692 853 796 930 docet,
823 865 941 939 pueros
958 853 1022 917 iam
1043 860 1153 918 tenera
1170 858 1270 916 aetate

87 952 132 1018 ad
157 954 242 1020 bella
266 953 467 1022 adducendos
493 975 580 1032 esse,
611 964 647 1022 ut
672 956 785 1022 melius
811 959 932 1024 discant
954 956 1101 1022 militaria
1125 976 1270 1033 munera3

88 1059 236 1124 adhibita
256 1065 361 1124 umen
382 1057 525 1145 diligenti
547 1079 623 1126 cura
643 1083 685 1126 ne
707 1060 817 1136 civitas
838 1082 897 1145 per
920 1081 989 1126 eam
1009 1080 1080 1126 rem
1102 1063 1273 1126 detrimen-

86 1170 158 1227 tum
178 1161 306 1248 aliquod
326 1161 439 1246 capiat.
484 1167 593 1248 Itaque
616 1162 681 1240 illa,
708 1165 823 1249 qrrihus
843 1163 914 1230 fieri
935 1167 1015 1230 haec
1035 1185 1130 1248 pesse
1151 1186 1185 1231 se
1206 1163 1271 1230 iam

88 1264 268 1350 explicare.
283 1265 364 1332 velle
391 1263 606 1354 significabat,
633 1283 697 1332 non
723 1267 815 1333 aliam
845 1271 887 1335 eh
910 1289 1035 1334 causam
1057 1267 1139 1338 dicta
1160 1267 1271 1334 viden-

86 1377 164 1447 tur,
192 1390 285 1455 quam
309 1377 347 1435 ot
369 1368 414 1436 ita
439 1369 642 1456 cupiditatem
666 1370 838 1457 legentium
861 1375 1118 1457 audientiumque
1142 1372 1274 1456 paulum

86 1473 322 1557 restingueret,
343 1481 378 1538 ct
397 1471 464 1540 sine
481 1469 732 1560 reprehensione
751 1477 911 1560 reliquum
933 1495 1115 1544 sermonem
1137 1478 1177 1541 de
1196 1476 1272 1541 civi-

87 1585 157 1644 tate
176 1585 348 1662 pertenue
368 1585 486 1662 posset.
529 1577 762 1665 Exspectabam
784 1587 890 1645 autom
908 1579 1043 1645 lectores
1060 1580 1123 1646 iam
1141 1584 1274 1645 demon-

88 1689 264 1746 straturum
294 1703 364 1747 esse
394 1684 577 1760 Socratem,
615 1681 777 1768 quomedo
796 1681 862 1748 'ista
890 1683 1071 1750 communio
1102 1683 1273 1748 mulierum

87 1793 190 1872 etque
217 1785 391 1852 liberorum
422 1785 493 1851 fieri
520 1795 638 1869 posset.
682 1785 731 1854 Cf.
757 1788 814 1852 lib.
848 1792 887 1854 V.
918 1807 991 1874 pag.
1027 1788 1108 1864 tot,
1149 1789 1185 1852 D.
1225 1789 1271 1850 St.

88 1891 205 1974 Itaque
228 1888 409 1955 felicissime
429 1889 575 1958 hocloco
594 1896 758 1960 Socratem
780 1889 920 1974 volgaris
943 1888 1098 1956 sermonis
1113 1888 1273 1956 licentiam

88 1995 211 2058 imitari
232 1980 392 2070 videmus,
423 2012 463 2057 ae
485 1991 587 2058 celare
613 1992 657 2060 ita
681 1996 837 2060 rationem
864 1993 1001 2080 partium
1031 1995 1147 2080 operls'
1166 2001 1197 2058 et
1223 2015 1274 2080 sy·

90 2099 292 2162 stematioam
317 2095 582 2174 emanationem,
614 2119 687 2164 cum
714 2107 820 2165 tamen
847 2101 953 2164 emnia
979 2100 1113 2185 proprio
1142 2098 1214 2164 loco
1239 2105 1272 2164 et

90 2223 151 2268 suo
174 2199 347 2284 proferret.
390 2203 469 2266 Nam
496 2221 561 2286 quo
590 2200 653 2270 alio
681 2200 753 2268 loco
782 2201 936 2286 explicari
957 2204 1080 2288 potuit,
1110 2195 1272 2288 quomodo

90 2308 126 2371 in
149 2305 243 2370 bellis
261 2306 419 2372 versatur
438 2313 543 2370 essent
564 2302 710 2374 custodes
731 2327 803 2370 oum
824 2303 1010 2371 mulieribus
1024 2305 1091 2372 suis
1106 2306 1272 2384 etliberis,

91 2409 155 2476 nisi
180 2410 281 2476 hoc
271 2429 341 2495 ipso
369 2409 440 2475 loco
472 2427 537 2495 quo
558 2409 669 2486 dehis
693 2410 788 2474 etiam
814 2410 957 2476 dixerat?
943 2409 1156 2477 tSimiliter
1180 2412 1275 2496 plane

94 2516 258 2580 Socratem
281 2515 377 2580 toties
407 2520 553 2596 repetere
578 2511 730 2592 vidimus,
763 2531 800 2578 se
811 2514 881 2577 iam
903 2514 1029 2598 iamque
1054 2513 1174 2608 iustitia
1197 2515 1275 2612 quid

95 2625 179 2684 esset
207 2619 422 2705 quaesiturum
447 2639 541 2682 esse.
576 2616 622 2685 Ci.
645 2613 698 2680 lib.
720 2617 761 2680 Il.
786 2638 818 2699 p.
844 2619 918 2693 372,
943 2621 979 2682 Α.
1003 2619 1039 2682 Ε.
1061 2619 1135 2693 376,
1158 2621 1199 2681 ll.
1226 2618 1272 2682 St.

95 2722 178 2788 llinc
203 2743 283 2788 vero
308 2718 451 2788 concludi
473 2727 588 2807 potest,
616 2727 762 2808 quantam
787 2718 863 2784 vim
877 2721 995 2788 habeat
1018 2738 1128 2786 eorum
1151 2728 1276 2787 senten

94 2827 156 2902 tia,
193 2823 249 2910 qui
273 2826 452 2904 Πολιτείας
481 2824 609 2892 finem.
600 2846 634 2888 m
660 2823 982 2909 quaerendaiustitia
1004 2827 1145 2909 positum
1170 2823 1275 2892 videri

94 2936 263 3016 propterea
291 2928 414 3005 dicunt,
451 2931 601 3014 qnoniam
616 2963 620 2970 ·
634 2925 701 2994 eius
733 2929 853 2992 mentio
885 2934 950 2992 tam
984 2949 1078 3014 saepe
1098 2937 1204 3015 'atque
1230 2931 1275 2996 ita

94 3034 273 3110 iniiciatnr,
299 3041 446 3118 tanquam
470 3053 509 3098 ea
526 3052 620 3099 caum
642 3031 744 3116 omnis
765 3052 870 3098 sermo
891 3031 1082 3100 instituatur.

138 3136 304 3203 Deinde
329 3137 473 3202 Socrates
493 3144 642 3256 tanquam
665 3137 865 3204 occasmnem
884 3143 1003 3202 nactus
1018 3135 1110 3202 latius
1127 3140 1172 3204 de
1190 3135 1276 3205 bello

96 3240 224 3307 dicendi
244 3241 276 3306 τί
298 3243 332 3308 δὲ
355 3237 414 3321 δὴ,
435 3240 554 3327 inquit,
577 3236 619 3306 ιὰ
641 3245 713 3330 περὶ
736 3236 792 3305 roc
813 3234 973 3359 catapan,
1000 3241 1068 3318 πῶς
1089 3242 1204 3308 ἑκτέον
1220 3265 1275 3310 σοι

96 3370 184 3426 τους,
207 3366 412 3431 σιρατιωιιις
422 3368 505 3433 προς
520 3336 642 3466 procace
656 3367 690 3409 cc
706 3348 761 3410 καὶ
777 3367 853 3420 τοις
866 3341 1099 3430 πολεμιους
1082 3370 1125 3431 αρ
1157 3341 1274 3436 ὀρθῶς

95 3474 154 3538 μοι
177 3448 431 3539 καταφαίνεται,
455 3444 565 3529 ilci&
577 3440 668 3532 Ac'y',
690 3445 765 3537 ἔφη,
787 3443 861 3512 ποῖ’
885 3442 944 3528 αἰ,
967 3445 1006 3512 cl.
1028 3467 1061 3533 p.
1085 3447 1156 3514 too.
1174 3451 1211 3514 Α.
1231 3452 1275 3519 st

96 3552 202 3620 Huius
230 3553 289 3617 loci
317 3553 442 3618 interna
471 3551 551 3616 ratio
581 3569 646 3616 non
669 3548 750 3634 sugit
778 3547 963 3616 Schneideri
984 3552 1195 3634 sagacitatem.
1240 3555 1271 3618 Is

95 3659 196 3743 igitur
215 3663 375 3742 receptam
396 3675 415 3720 a
435 3675 469 3720 se
489 3653 657 3720 lectionem
685 3654 725 3719 Ti
746 3655 782 3720 δὲ
805 3650 855 3734 δή,
879 3661 989 3719 contra
1003 3653 1134 3720 alteram
1149 3658 1218 3721 Par.
1234 3659 1271 3724 Α.

94 3761 241 3836 eliorum,
269 3762 308 3828 Ti
324 3763 380 3826 dat
394 3755 445 3839 δὴ,
467 3765 626 3844 receptam
641 3778 660 3821 a
673 3759 837 3833 Belrlrero.
856 3757 1041 3834 defendens,
1063 3756 1141 3828 hacc
1155 3763 1272 3825 habeta

97 3869 170 3930 elle
186 3883 250 3949 quo
267 3865 370 3930 minus
383 3860 469 3928 idem
486 3860 625 3926 facerem
641 3881 738 3948 quum
754 3879 792 3926 ea
807 3863 1041 3948 deterruerunt,
1065 3880 1146 3948 quae
1161 3865 1230 3933 Vol.
1245 3867 1272 3929 I.

93 3989 127 4057 p.
152 3971 224 4038 155.
247 3971 286 4033 de
309 3965 405 4034 dubia
426 3964 538 4052 optimi
566 3965 683 4030 codicis
704 3965 819 4060 inhac
846 3986 883 4030 re
912 3965 1098 4032 auctoritate
1128 3969 1273 4054 exposita

94 4079 182 4148 sunt,
205 4079 271 4137 tum
293 4073 379 4156 qood
400 4089 526 4136 causam
547 4091 611 4134 non
632 4067 785 4143 viderem,
809 4087 866 4134 cnr
881 4070 1026 4134 Socrates
1040 4089 1148 4135 novom
1165 4073 1275 4136 Ιιαιιιιι

93 4177 312 4260 digressionem
338 4173 453 4240 maiori
481 4175 553 4238 cum
574 4176 687 4242 affectu
713 4170 940 4240 enordiendam
960 4173 1155 4262 putaverit.»
1200 4177 1276 4240 Per·

93 4282 179 4350 tinet
198 4297 275 4350 vero
295 4283 375 4348 haec
395 4279 515 4366 duplex
536 4279 810 4363 menumquam
830 4279 873 4346 ita
895 4281 989 4346 etiam
1011 4279 1156 4346 tractavit
1174 4278 1275 4358 Plato,
