<?xml version="1.0" encoding="UTF-8"?>
<!DOCTYPE html PUBLIC "-//W3C//DTD XHTML 1.0 Transitional//EN"
    "http://www.w3.org/TR/xhtml1/DTD/xhtml1-transitional.dtd">
<html xmlns="http://www.w3.org/1999/xhtml" xml:lang="en" lang="en">
 <head>
  <title>
</title>
<meta http-equiv="Content-Type" content="text/html;charset=utf-8" />
  <meta name='ocr-system' content='tesseract 3.04.00' />
  <meta name='ocr-capabilities' content='ocr_page ocr_carea ocr_par ocr_line ocrx_word'/>
</head>
<body>
  <div class='ocr_page' id='page_1' title='image "./prolegomenaadpl00rettgoog_0248.png"; bbox 0 0 3298 5232; ppageno 0'>
   <div class='ocr_carea' id='block_1_1' title="bbox 555 385 789 450">
    <p class='ocr_par' dir='ltr' id='par_1_1' title="bbox 555 385 789 450">
     <span class='ocr_line' id='line_1_1' title="bbox 555 385 789 450; baseline -0.013 0"><span class='ocrx_word' id='word_1_1' title='bbox 555 385 789 450; x_wconf 71' lang='lat'>-237-</span> 
     </span>
    </p>
   </div>
   <div class='ocr_carea' id='block_1_2' title="bbox 49 539 1259 3872">
    <p class='ocr_par' dir='ltr' id='par_1_2' title="bbox 49 539 1256 3840">
     <span class='ocr_line' id='line_1_2' title="bbox 75 539 1254 664; baseline 0.002 -58"><span class='ocrx_word' id='word_1_2' title='bbox 75 560 204 606; x_wconf 92' lang='lat' dir='ltr'>omnem</span> <span class='ocrx_word' id='word_1_3' title='bbox 230 541 391 624; x_wconf 74' lang='lat' dir='ltr'>perfectae</span> <span class='ocrx_word' id='word_1_4' title='bbox 412 542 545 608; x_wconf 83' lang='lat' dir='ltr'>civitatis</span> <span class='ocrx_word' id='word_1_5' title='bbox 568 541 813 664; x_wconf 78' lang='lat' dir='ltr'>descriptionem</span> <span class='ocrx_word' id='word_1_6' title='bbox 834 545 1023 610; x_wconf 85' lang='lat' dir='ltr'>contineant.</span> <span class='ocrx_word' id='word_1_7' title='bbox 1069 542 1115 608; x_wconf 83' lang='lat' dir='ltr'>of.</span> <span class='ocrx_word' id='word_1_8' title='bbox 1137 539 1193 608; x_wconf 85' lang='lat' dir='ltr'>lib.</span> <span class='ocrx_word' id='word_1_9' title='bbox 1216 543 1254 614; x_wconf 88' lang='lat' dir='ltr'>V.</span> 
     </span>
     <span class='ocr_line' id='line_1_3' title="bbox 72 633 1255 738; baseline 0.002 -28"><span class='ocrx_word' id='word_1_10' title='bbox 72 665 107 732; x_wconf 84' lang='lat' dir='ltr'>p.</span> <span class='ocrx_word' id='word_1_11' title='bbox 125 647 201 722; x_wconf 82' lang='grc'>451,</span> <span class='ocrx_word' id='word_1_12' title='bbox 224 647 261 709; x_wconf 91' lang='grc' dir='ltr'>Β.</span> <span class='ocrx_word' id='word_1_13' title='bbox 306 646 425 731; x_wconf 76' lang='grc' dir='ltr'><strong><em>Λέγειν</em></strong></span> <span class='ocrx_word' id='word_1_14' title='bbox 447 642 539 727; x_wconf 81' lang='grc' dir='ltr'>δὴ,”</span> <span class='ocrx_word' id='word_1_15' title='bbox 520 669 603 738; x_wconf 81' lang='grc' dir='ltr'><strong><em>εφην</em></strong></span> <span class='ocrx_word' id='word_1_16' title='bbox 625 642 696 732; x_wconf 75' lang='lat' dir='ltr'>iyco&#39;,</span> <span class='ocrx_word' id='word_1_17' title='bbox 715 643 779 736; x_wconf 77' lang='grc' dir='ltr'>χρὴ</span> <span class='ocrx_word' id='word_1_18' title='bbox 799 641 966 714; x_wconf 80' lang='grc' dir='ltr'><strong><em>ἇνάποιλιν</em></strong></span> <span class='ocrx_word' id='word_1_19' title='bbox 988 633 1031 713; x_wconf 83' lang='grc' dir='ltr'>αὗ</span> <span class='ocrx_word' id='word_1_20' title='bbox 1047 646 1115 725; x_wconf 82' lang='grc' dir='ltr'><strong><em>νῦν,</em></strong></span> <span class='ocrx_word' id='word_1_21' title='bbox 1137 637 1162 711; x_wconf 82' lang='grc' dir='ltr'><strong><em>ῶ</em></strong></span> <span class='ocrx_word' id='word_1_22' title='bbox 1175 669 1255 712; x_wconf 85' lang='grc' dir='ltr'><strong><em>ποτε</em></strong></span> 
     </span>
     <span class='ocr_line' id='line_1_4' title="bbox 74 741 1256 869; baseline 0.001 -56"><span class='ocrx_word' id='word_1_23' title='bbox 74 749 156 826; x_wconf 79' lang='grc' dir='ltr'><strong><em>ἴσως</em></strong></span> <span class='ocrx_word' id='word_1_24' title='bbox 184 747 247 815; x_wconf 79' lang='grc' dir='ltr'><strong><em>ἔδει</em></strong></span> <span class='ocrx_word' id='word_1_25' title='bbox 273 748 390 839; x_wconf 76' lang='grc' dir='ltr'><strong><em>ἐφεξῆς</em></strong></span> <span class='ocrx_word' id='word_1_26' title='bbox 416 751 529 834; x_wconf 77' lang='grc' dir='ltr'>λέγειν.</span> <span class='ocrx_word' id='word_1_27' title='bbox 557 743 701 836; x_wconf 77' lang='grc' dir='ltr'><strong><em>τῶχαδὲ</em></strong></span> <span class='ocrx_word' id='word_1_28' title='bbox 723 741 829 828; x_wconf 80' lang='grc' dir='ltr'><strong><em>οὕτως</em></strong></span> <span class='ocrx_word' id='word_1_29' title='bbox 849 746 891 816; x_wconf 76' lang='grc' dir='ltr'>ἂν</span> <span class='ocrx_word' id='word_1_30' title='bbox 912 745 1077 839; x_wconf 71' lang='grc' dir='ltr'><strong><em>ὀρθῶς”</em></strong></span> <span class='ocrx_word' id='word_1_31' title='bbox 1059 774 1144 869; x_wconf 83' lang='grc' dir='ltr'><strong><em>εχοι,</em></strong></span> <span class='ocrx_word' id='word_1_32' title='bbox 1172 744 1256 836; x_wconf 79' lang='grc' dir='ltr'><strong><em>μετὰ</em></strong></span> 
     </span>
     <span class='ocr_line' id='line_1_5' title="bbox 73 837 1256 942; baseline 0.001 -25"><span class='ocrx_word' id='word_1_33' title='bbox 73 846 225 942; x_wconf 72' lang='grc' dir='ltr'><strong><em>ἀνδρεῖον</em></strong></span> <span class='ocrx_word' id='word_1_34' title='bbox 247 852 358 940; x_wconf 77' lang='grc' dir='ltr'><strong><em>δρᾶμα</em></strong></span> <span class='ocrx_word' id='word_1_35' title='bbox 380 853 547 930; x_wconf 79' lang='grc' dir='ltr'><strong><em>παντελῶς</em></strong></span> <span class='ocrx_word' id='word_1_36' title='bbox 568 855 796 940; x_wconf 73' lang='grc' dir='ltr'><strong><em>διαπερανθὲν</em></strong></span> <span class='ocrx_word' id='word_1_37' title='bbox 816 849 856 918; x_wconf 87' lang='grc' dir='ltr'>τὸ</span> <span class='ocrx_word' id='word_1_38' title='bbox 877 857 1063 937; x_wconf 73' lang='grc' dir='ltr'><strong><em>γυναικεῖον</em></strong></span> <span class='ocrx_word' id='word_1_39' title='bbox 1084 837 1127 918; x_wconf 79' lang='grc' dir='ltr'>αὖ</span> <span class='ocrx_word' id='word_1_40' title='bbox 1142 851 1256 940; x_wconf 82' lang='grc' dir='ltr'><strong><em>περαί-</em></strong></span> 
     </span>
     <span class='ocr_line' id='line_1_6' title="bbox 49 954 1255 1042; baseline -0.002 -20"><span class='ocrx_word' id='word_1_41' title='bbox 49 961 152 1022; x_wconf 81' lang='grc' dir='ltr'><strong><em>νειν.</em></strong></span> <span class='ocrx_word' id='word_1_42' title='bbox 186 955 225 1022; x_wconf 84' lang='lat' dir='ltr'>Ei</span> <span class='ocrx_word' id='word_1_43' title='bbox 237 954 348 1039; x_wconf 77' lang='lat' dir='ltr'>igitur,</span> <span class='ocrx_word' id='word_1_44' title='bbox 372 955 427 1040; x_wconf 88' lang='lat' dir='ltr'>qui</span> <span class='ocrx_word' id='word_1_45' title='bbox 440 974 561 1022; x_wconf 93' lang='lat' dir='ltr'>morem</span> <span class='ocrx_word' id='word_1_46' title='bbox 573 955 771 1042; x_wconf 83' lang='lat' dir='ltr'>scriptorum,</span> <span class='ocrx_word' id='word_1_47' title='bbox 794 954 1016 1042; x_wconf 78' lang='lat' dir='ltr'><strong>disputationis</strong></span> <span class='ocrx_word' id='word_1_48' title='bbox 1030 955 1142 1042; x_wconf 87' lang='lat' dir='ltr'>capita,</span> <span class='ocrx_word' id='word_1_49' title='bbox 1163 955 1255 1020; x_wconf 87' lang='lat' dir='ltr'>initio</span> 
     </span>
     <span class='ocr_line' id='line_1_7' title="bbox 73 1057 1255 1145; baseline 0.003 -23"><span class='ocrx_word' id='word_1_50' title='bbox 73 1058 208 1124; x_wconf 85' lang='lat' dir='ltr'>alterius</span> <span class='ocrx_word' id='word_1_51' title='bbox 232 1058 334 1144; x_wconf 87' lang='lat' dir='ltr'>partis</span> <span class='ocrx_word' id='word_1_52' title='bbox 356 1057 476 1145; x_wconf 87' lang='lat' dir='ltr'>operis,</span> <span class='ocrx_word' id='word_1_53' title='bbox 506 1079 546 1124; x_wconf 92' lang='lat' dir='ltr'>ea</span> <span class='ocrx_word' id='word_1_54' title='bbox 572 1079 666 1124; x_wconf 88' lang='lat' dir='ltr'>cansa</span> <span class='ocrx_word' id='word_1_55' title='bbox 690 1061 916 1142; x_wconf 85' lang='lat' dir='ltr'>repetentium,</span> <span class='ocrx_word' id='word_1_56' title='bbox 945 1066 982 1124; x_wconf 90' lang='lat' dir='ltr'>ut</span> <span class='ocrx_word' id='word_1_57' title='bbox 1002 1057 1137 1124; x_wconf 85' lang='lat' dir='ltr'>lectores</span> <span class='ocrx_word' id='word_1_58' title='bbox 1158 1059 1255 1126; x_wconf 85' lang='lat' dir='ltr'>totius</span> 
     </span>
     <span class='ocr_line' id='line_1_8' title="bbox 74 1161 1254 1250; baseline 0 -23"><span class='ocrx_word' id='word_1_59' title='bbox 74 1161 360 1245; x_wconf 83' lang='lat' dir='ltr'>operisrationam</span> <span class='ocrx_word' id='word_1_60' title='bbox 382 1170 477 1250; x_wconf 89' lang='lat' dir='ltr'>atquc</span> <span class='ocrx_word' id='word_1_61' title='bbox 499 1165 644 1228; x_wconf 87' lang='lat' dir='ltr'><strong>ordinem</strong></span> <span class='ocrx_word' id='word_1_62' title='bbox 669 1164 776 1228; x_wconf 90' lang='lat' dir='ltr'>animo</span> <span class='ocrx_word' id='word_1_63' title='bbox 798 1161 888 1248; x_wconf 84' lang='lat' dir='ltr'><strong>quasi</strong></span> <span class='ocrx_word' id='word_1_64' title='bbox 909 1169 1128 1236; x_wconf 80' lang='lat' dir='ltr'>contueantur,</span> <span class='ocrx_word' id='word_1_65' title='bbox 1155 1181 1254 1227; x_wconf 81' lang='lat' dir='ltr'>novo·</span> 
     </span>
     <span class='ocr_line' id='line_1_9' title="bbox 72 1263 1255 1351; baseline 0.001 -21"><span class='ocrx_word' id='word_1_66' title='bbox 72 1265 126 1340; x_wconf 91' lang='lat' dir='ltr'>rit,</span> <span class='ocrx_word' id='word_1_67' title='bbox 151 1263 282 1330; x_wconf 86' lang='lat' dir='ltr'>dubium</span> <span class='ocrx_word' id='word_1_68' title='bbox 304 1265 437 1342; x_wconf 86' lang='lat' dir='ltr'>nonsit,</span> <span class='ocrx_word' id='word_1_69' title='bbox 467 1267 543 1348; x_wconf 82' lang='lat' dir='ltr'>quin</span> <span class='ocrx_word' id='word_1_70' title='bbox 570 1272 601 1331; x_wconf 90' lang='lat' dir='ltr'>et</span> <span class='ocrx_word' id='word_1_71' title='bbox 620 1266 655 1332; x_wconf 94' lang='lat' dir='ltr'>hi</span> <span class='ocrx_word' id='word_1_72' title='bbox 677 1273 741 1331; x_wconf 88' lang='lat' dir='ltr'>tres</span> <span class='ocrx_word' id='word_1_73' title='bbox 765 1264 856 1347; x_wconf 87' lang='lat' dir='ltr'>iibri,</span> <span class='ocrx_word' id='word_1_74' title='bbox 885 1274 917 1332; x_wconf 87' lang='lat' dir='ltr'>et</span> <span class='ocrx_word' id='word_1_75' title='bbox 938 1285 977 1331; x_wconf 86' lang='lat' dir='ltr'>ea</span> <span class='ocrx_word' id='word_1_76' title='bbox 1000 1264 1157 1332; x_wconf 75' lang='lat' dir='ltr'>sermonis</span> <span class='ocrx_word' id='word_1_77' title='bbox 1180 1285 1255 1351; x_wconf 86' lang='lat' dir='ltr'>pars</span> 
     </span>
     <span class='ocr_line' id='line_1_10' title="bbox 73 1367 1255 1456; baseline 0 -22"><span class='ocrx_word' id='word_1_78' title='bbox 73 1371 126 1436; x_wconf 87' lang='lat' dir='ltr'>oui</span> <span class='ocrx_word' id='word_1_79' title='bbox 149 1367 183 1434; x_wconf 86' lang='lat' dir='ltr'>hi</span> <span class='ocrx_word' id='word_1_80' title='bbox 200 1367 275 1434; x_wconf 89' lang='lat' dir='ltr'><strong>libri</strong></span> <span class='ocrx_word' id='word_1_81' title='bbox 295 1370 338 1434; x_wconf 92' lang='lat' dir='ltr'>ita</span> <span class='ocrx_word' id='word_1_82' title='bbox 356 1376 573 1446; x_wconf 86' lang='lat' dir='ltr'>annectuntur,</span> <span class='ocrx_word' id='word_1_83' title='bbox 599 1368 639 1435; x_wconf 87' lang='lat' dir='ltr'>ad</span> <span class='ocrx_word' id='word_1_84' title='bbox 663 1369 906 1456; x_wconf 81' lang='lat' dir='ltr'>disputatiunem</span> <span class='ocrx_word' id='word_1_85' title='bbox 928 1373 967 1436; x_wconf 86' lang='lat' dir='ltr'>de</span> <span class='ocrx_word' id='word_1_86' title='bbox 986 1369 1162 1454; x_wconf 84' lang='lat' dir='ltr'>Republica</span> <span class='ocrx_word' id='word_1_87' title='bbox 1180 1389 1255 1455; x_wconf 88' lang='lat' dir='ltr'>per-</span> 
     </span>
     <span class='ocr_line' id='line_1_11' title="bbox 73 1470 1256 1560; baseline 0.002 -24"><span class='ocrx_word' id='word_1_88' title='bbox 73 1475 209 1538; x_wconf 88' lang='lat' dir='ltr'>tineant.</span> <span class='ocrx_word' id='word_1_89' title='bbox 254 1475 301 1537; x_wconf 87' lang='lat' dir='ltr'>lta</span> <span class='ocrx_word' id='word_1_90' title='bbox 328 1470 445 1544; x_wconf 84' lang='lat' dir='ltr'>librum</span> <span class='ocrx_word' id='word_1_91' title='bbox 474 1472 690 1539; x_wconf 84' lang='lat' dir='ltr'>secundum-a</span> <span class='ocrx_word' id='word_1_92' title='bbox 719 1472 833 1560; x_wconf 82' lang='lat' dir='ltr'>pagina</span> <span class='ocrx_word' id='word_1_93' title='bbox 860 1473 934 1538; x_wconf 84' lang='lat' dir='ltr'>inde</span> <span class='ocrx_word' id='word_1_94' title='bbox 960 1476 1037 1538; x_wconf 69' lang='lat'>³69.</span> <span class='ocrx_word' id='word_1_95' title='bbox 1068 1475 1115 1540; x_wconf 87' lang='lat' dir='ltr'>St.</span> <span class='ocrx_word' id='word_1_96' title='bbox 1139 1480 1256 1538; x_wconf 89' lang='lat' dir='ltr'>totum·</span> 
     </span>
     <span class='ocr_line' id='line_1_12' title="bbox 73 1575 1255 1664; baseline 0.001 -23"><span class='ocrx_word' id='word_1_97' title='bbox 73 1598 138 1661; x_wconf 79' lang='lat' dir='ltr'>que</span> <span class='ocrx_word' id='word_1_98' title='bbox 162 1575 293 1642; x_wconf 83' lang='lat' dir='ltr'>tertiam</span> <span class='ocrx_word' id='word_1_99' title='bbox 320 1575 437 1643; x_wconf 88' lang='lat' dir='ltr'>librum</span> <span class='ocrx_word' id='word_1_100' title='bbox 464 1599 535 1644; x_wconf 90' lang='lat' dir='ltr'>cum</span> <span class='ocrx_word' id='word_1_101' title='bbox 559 1577 669 1663; x_wconf 90' lang='lat' dir='ltr'>quinto</span> <span class='ocrx_word' id='word_1_102' title='bbox 693 1586 784 1644; x_wconf 84' lang='lat' dir='ltr'>sexto</span> <span class='ocrx_word' id='word_1_103' title='bbox 807 1577 1007 1664; x_wconf 87' lang='lat' dir='ltr'>septimoque</span> <span class='ocrx_word' id='word_1_104' title='bbox 1032 1580 1072 1643; x_wconf 89' lang='lat' dir='ltr'>ad</span> <span class='ocrx_word' id='word_1_105' title='bbox 1096 1578 1255 1663; x_wconf 85' lang='lat' dir='ltr'>quaestio-</span> 
     </span>
     <span class='ocr_line' id='line_1_13' title="bbox 73 1676 1256 1769; baseline 0.001 -25"><span class='ocrx_word' id='word_1_106' title='bbox 73 1701 151 1746; x_wconf 89' lang='lat' dir='ltr'>nem</span> <span class='ocrx_word' id='word_1_107' title='bbox 162 1682 202 1744; x_wconf 87' lang='lat' dir='ltr'>de</span> <span class='ocrx_word' id='word_1_108' title='bbox 217 1679 389 1767; x_wconf 86' lang='lat' dir='ltr'>Republica</span> <span class='ocrx_word' id='word_1_109' title='bbox 405 1681 569 1769; x_wconf 84' lang='lat' dir='ltr'>pertinere</span> <span class='ocrx_word' id='word_1_110' title='bbox 580 1701 710 1746; x_wconf 83' lang='lat' dir='ltr'>necesso</span> <span class='ocrx_word' id='word_1_111' title='bbox 726 1689 783 1746; x_wconf 90' lang='lat' dir='ltr'>est.</span> <span class='ocrx_word' id='word_1_112' title='bbox 829 1676 955 1758; x_wconf 87' lang='lat' dir='ltr'>Quibus</span> <span class='ocrx_word' id='word_1_113' title='bbox 973 1699 1030 1746; x_wconf 89' lang='lat' dir='ltr'>cur</span> <span class='ocrx_word' id='word_1_114' title='bbox 1047 1681 1256 1746; x_wconf 83' lang='lat' dir='ltr'>interseratur</span> 
     </span>
     <span class='ocr_line' id='line_1_14' title="bbox 74 1781 1255 1872; baseline 0.001 -24"><span class='ocrx_word' id='word_1_115' title='bbox 74 1790 210 1868; x_wconf 75' lang='lat' dir='ltr'>quartam</span> <span class='ocrx_word' id='word_1_116' title='bbox 231 1781 330 1860; x_wconf 86' lang='lat' dir='ltr'>liber,</span> <span class='ocrx_word' id='word_1_117' title='bbox 357 1805 417 1850; x_wconf 90' lang='lat' dir='ltr'>nec</span> <span class='ocrx_word' id='word_1_118' title='bbox 434 1786 503 1872; x_wconf 86' lang='lat' dir='ltr'>ipse</span> <span class='ocrx_word' id='word_1_119' title='bbox 527 1805 545 1848; x_wconf 91' lang='lat' dir='ltr'>a</span> <span class='ocrx_word' id='word_1_120' title='bbox 569 1784 757 1871; x_wconf 75' lang='lat' dir='ltr'>quaestione</span> <span class='ocrx_word' id='word_1_121' title='bbox 782 1786 822 1850; x_wconf 86' lang='lat' dir='ltr'>do</span> <span class='ocrx_word' id='word_1_122' title='bbox 840 1782 1012 1870; x_wconf 81' lang='lat' dir='ltr'>Republica</span> <span class='ocrx_word' id='word_1_123' title='bbox 1032 1783 1168 1860; x_wconf 86' lang='lat' dir='ltr'>alienus,</span> <span class='ocrx_word' id='word_1_124' title='bbox 1197 1785 1255 1849; x_wconf 80' lang='lat' dir='ltr'>sod</span> 
     </span>
     <span class='ocr_line' id='line_1_15' title="bbox 74 1885 1255 1981; baseline 0 -29"><span class='ocrx_word' id='word_1_125' title='bbox 74 1891 115 1952; x_wconf 90' lang='lat' dir='ltr'>ad</span> <span class='ocrx_word' id='word_1_126' title='bbox 143 1907 214 1952; x_wconf 85' lang='lat' dir='ltr'>eam</span> <span class='ocrx_word' id='word_1_127' title='bbox 240 1905 334 1971; x_wconf 91' lang='lat' dir='ltr'>quarn</span> <span class='ocrx_word' id='word_1_128' title='bbox 362 1889 498 1952; x_wconf 85' lang='lat' dir='ltr'>maxime</span> <span class='ocrx_word' id='word_1_129' title='bbox 526 1889 740 1981; x_wconf 73' lang='lat' dir='ltr'>necessarius,</span> <span class='ocrx_word' id='word_1_130' title='bbox 778 1907 874 1974; x_wconf 86' lang='lat' dir='ltr'>supra</span> <span class='ocrx_word' id='word_1_131' title='bbox 896 1885 964 1952; x_wconf 91' lang='lat' dir='ltr'>iam</span> <span class='ocrx_word' id='word_1_132' title='bbox 990 1891 1167 1973; x_wconf 82' lang='lat' dir='ltr'>expositum</span> <span class='ocrx_word' id='word_1_133' title='bbox 1193 1894 1255 1952; x_wconf 58' lang='lat' dir='ltr'>ests</span> 
     </span>
     <span class='ocr_line' id='line_1_16' title="bbox 73 1988 1254 2076; baseline -0.002 -20"><span class='ocrx_word' id='word_1_134' title='bbox 73 1991 153 2056; x_wconf 85' lang='lat' dir='ltr'>Eius</span> <span class='ocrx_word' id='word_1_135' title='bbox 177 1998 282 2056; x_wconf 87' lang='lat' dir='ltr'>tamen</span> <span class='ocrx_word' id='word_1_136' title='bbox 302 1990 378 2056; x_wconf 83' lang='lat' dir='ltr'>iibri</span> <span class='ocrx_word' id='word_1_137' title='bbox 400 1998 621 2076; x_wconf 78' lang='lat' dir='ltr'>argumentum</span> <span class='ocrx_word' id='word_1_138' title='bbox 640 1989 788 2064; x_wconf 81' lang='lat' dir='ltr'>hocloco</span> <span class='ocrx_word' id='word_1_139' title='bbox 803 1991 1045 2057; x_wconf 79' lang='lat' dir='ltr'>commemorari</span> <span class='ocrx_word' id='word_1_140' title='bbox 1059 2007 1124 2056; x_wconf 92' lang='lat' dir='ltr'>noo</span> <span class='ocrx_word' id='word_1_141' title='bbox 1138 1988 1254 2076; x_wconf 89' lang='lat' dir='ltr'>potuit,</span> 
     </span>
     <span class='ocr_line' id='line_1_17' title="bbox 74 2091 1256 2182; baseline -0.001 -23"><span class='ocrx_word' id='word_1_142' title='bbox 74 2097 227 2182; x_wconf 88' lang='lat' dir='ltr'>quoniam</span> <span class='ocrx_word' id='word_1_143' title='bbox 248 2095 384 2180; x_wconf 89' lang='lat' dir='ltr'>partium</span> <span class='ocrx_word' id='word_1_144' title='bbox 411 2095 525 2179; x_wconf 85' lang='lat' dir='ltr'>Operis</span> <span class='ocrx_word' id='word_1_145' title='bbox 552 2115 671 2162; x_wconf 82' lang='lat' dir='ltr'>norum</span> <span class='ocrx_word' id='word_1_146' title='bbox 696 2091 887 2179; x_wconf 77' lang='lat' dir='ltr'>significare..</span> <span class='ocrx_word' id='word_1_147' title='bbox 898 2095 999 2160; x_wconf 83' lang='lat' dir='ltr'>votuit</span> <span class='ocrx_word' id='word_1_148' title='bbox 1025 2101 1154 2170; x_wconf 88' lang='lat' dir='ltr'>auctor,</span> <span class='ocrx_word' id='word_1_149' title='bbox 1189 2113 1256 2158; x_wconf 88' lang='lat' dir='ltr'>non</span> 
     </span>
     <span class='ocr_line' id='line_1_18' title="bbox 74 2196 1256 2285; baseline -0.001 -22"><span class='ocrx_word' id='word_1_150' title='bbox 74 2203 183 2284; x_wconf 87' lang='lat' dir='ltr'>partes</span> <span class='ocrx_word' id='word_1_151' title='bbox 209 2206 240 2262; x_wconf 90' lang='lat' dir='ltr'>et</span> <span class='ocrx_word' id='word_1_152' title='bbox 262 2199 402 2263; x_wconf 86' lang='lat' dir='ltr'>instituta</span> <span class='ocrx_word' id='word_1_153' title='bbox 418 2197 632 2285; x_wconf 59' lang='lat' dir='ltr'>Reipublicae,</span> <span class='ocrx_word' id='word_1_154' title='bbox 662 2201 703 2264; x_wconf 79' lang='lat' dir='ltr'>on</span> <span class='ocrx_word' id='word_1_155' title='bbox 726 2196 921 2282; x_wconf 84' lang='lat' dir='ltr'>eandemque</span> <span class='ocrx_word' id='word_1_156' title='bbox 942 2214 1069 2264; x_wconf 80' lang='lat' dir='ltr'>musam</span> <span class='ocrx_word' id='word_1_157' title='bbox 1092 2217 1152 2262; x_wconf 88' lang='lat' dir='ltr'>nec</span> <span class='ocrx_word' id='word_1_158' title='bbox 1174 2217 1256 2282; x_wconf 87' lang='lat' dir='ltr'>quae</span> 
     </span>
     <span class='ocr_line' id='line_1_19' title="bbox 74 2300 1253 2388; baseline -0.002 -22"><span class='ocrx_word' id='word_1_159' title='bbox 74 2302 137 2368; x_wconf 84' lang='lat' dir='ltr'>alia</span> <span class='ocrx_word' id='word_1_160' title='bbox 165 2300 304 2367; x_wconf 86' lang='lat' dir='ltr'>secundo</span> <span class='ocrx_word' id='word_1_161' title='bbox 334 2302 494 2388; x_wconf 85' lang='lat' dir='ltr'>tertioque</span> <span class='ocrx_word' id='word_1_162' title='bbox 531 2300 616 2368; x_wconf 90' lang='lat' dir='ltr'>libro</span> <span class='ocrx_word' id='word_1_163' title='bbox 645 2305 686 2367; x_wconf 88' lang='lat' dir='ltr'>do</span> <span class='ocrx_word' id='word_1_164' title='bbox 715 2300 888 2386; x_wconf 83' lang='lat' dir='ltr'>Republica</span> <span class='ocrx_word' id='word_1_165' title='bbox 914 2300 1007 2366; x_wconf 85' lang='lat' dir='ltr'>dicta·</span> <span class='ocrx_word' id='word_1_166' title='bbox 1025 2309 1097 2366; x_wconf 90' lang='lat' dir='ltr'>sunt</span> <span class='ocrx_word' id='word_1_167' title='bbox 1126 2302 1253 2384; x_wconf 87' lang='lat' dir='ltr'>repetit.</span> 
     </span>
     <span class='ocr_line' id='line_1_20' title="bbox 74 2402 1255 2491; baseline -0.003 -20"><span class='ocrx_word' id='word_1_168' title='bbox 74 2410 186 2471; x_wconf 80' lang='lat' dir='ltr'>Tanto·</span> <span class='ocrx_word' id='word_1_169' title='bbox 199 2412 304 2470; x_wconf 82' lang='lat' dir='ltr'>autem</span> <span class='ocrx_word' id='word_1_170' title='bbox 331 2403 444 2470; x_wconf 83' lang='lat' dir='ltr'>minus.</span> <span class='ocrx_word' id='word_1_171' title='bbox 462 2407 565 2491; x_wconf 87' lang='lat' dir='ltr'>quarti</span> <span class='ocrx_word' id='word_1_172' title='bbox 579 2404 664 2471; x_wconf 66' lang='lat' dir='ltr'>⁴libri</span> <span class='ocrx_word' id='word_1_173' title='bbox 689 2412 908 2489; x_wconf 72' lang='lat' dir='ltr'>argumentum</span> <span class='ocrx_word' id='word_1_174' title='bbox 935 2402 1091 2470; x_wconf 88' lang='lat' dir='ltr'>hocloco</span> <span class='ocrx_word' id='word_1_175' title='bbox 1117 2422 1255 2468; x_wconf 86' lang='lat' dir='ltr'>comme·</span> 
     </span>
     <span class='ocr_line' id='line_1_21' title="bbox 74 2505 1256 2594; baseline -0.002 -20"><span class='ocrx_word' id='word_1_176' title='bbox 74 2507 325 2594; x_wconf 81' lang='lat' dir='ltr'>moruiipotuit,</span> <span class='ocrx_word' id='word_1_177' title='bbox 347 2508 423 2594; x_wconf 92' lang='lat' dir='ltr'>quia</span> <span class='ocrx_word' id='word_1_178' title='bbox 443 2506 746 2593; x_wconf 81' lang='lat' dir='ltr'>civitatistauquam</span> <span class='ocrx_word' id='word_1_179' title='bbox 766 2509 919 2594; x_wconf 89' lang='lat' dir='ltr'>principia</span> <span class='ocrx_word' id='word_1_180' title='bbox 939 2515 973 2574; x_wconf 91' lang='lat' dir='ltr'>et</span> <span class='ocrx_word' id='word_1_181' title='bbox 992 2505 1195 2574; x_wconf 82' lang='lat' dir='ltr'>fundamenta</span> <span class='ocrx_word' id='word_1_182' title='bbox 1215 2526 1256 2572; x_wconf 84' lang='lat' dir='ltr'>oo</span> 
     </span>
     <span class='ocr_line' id='line_1_22' title="bbox 75 2609 1254 2696; baseline -0.003 -18"><span class='ocrx_word' id='word_1_183' title='bbox 75 2610 287 2696; x_wconf 84' lang='lat' dir='ltr'>explicantur.</span> <span class='ocrx_word' id='word_1_184' title='bbox 333 2610 456 2689; x_wconf 84' lang='lat' dir='ltr'>Quibus</span> <span class='ocrx_word' id='word_1_185' title='bbox 477 2609 568 2676; x_wconf 83' lang='lat' dir='ltr'>dictis</span> <span class='ocrx_word' id='word_1_186' title='bbox 586 2633 684 2696; x_wconf 88' lang='lat' dir='ltr'>quom</span> <span class='ocrx_word' id='word_1_187' title='bbox 703 2613 849 2678; x_wconf 85' lang='lat' dir='ltr'>Socrates</span> <span class='ocrx_word' id='word_1_188' title='bbox 865 2609 1020 2678; x_wconf 88' lang='lat' dir='ltr'>rationum</span> <span class='ocrx_word' id='word_1_189' title='bbox 1040 2609 1157 2694; x_wconf 85' lang='lat' dir='ltr'>operis,</span> <span class='ocrx_word' id='word_1_190' title='bbox 1178 2629 1254 2694; x_wconf 76' lang='lat' dir='ltr'>pan</span> 
     </span>
     <span class='ocr_line' id='line_1_23' title="bbox 74 2713 1253 2802; baseline -0.002 -22"><span class='ocrx_word' id='word_1_191' title='bbox 74 2716 161 2782; x_wconf 90' lang='lat' dir='ltr'>tium</span> <span class='ocrx_word' id='word_1_192' title='bbox 181 2715 250 2784; x_wconf 84' lang='lat' dir='ltr'>aias</span> <span class='ocrx_word' id='word_1_193' title='bbox 269 2735 386 2782; x_wconf 84' lang='lat' dir='ltr'>nexum</span> <span class='ocrx_word' id='word_1_194' title='bbox 405 2724 440 2781; x_wconf 64' lang='lat' dir='ltr'>vet</span> <span class='ocrx_word' id='word_1_195' title='bbox 460 2715 723 2792; x_wconf 86' lang='lat' dir='ltr'>coniunctionem,</span> <span class='ocrx_word' id='word_1_196' title='bbox 737 2735 853 2802; x_wconf 85' lang='lat' dir='ltr'>¹eoque</span> <span class='ocrx_word' id='word_1_197' title='bbox 874 2716 946 2800; x_wconf 87' lang='lat' dir='ltr'>ipso</span> <span class='ocrx_word' id='word_1_198' title='bbox 970 2713 1065 2782; x_wconf 86' lang='lat' dir='ltr'>iiocm</span> <span class='ocrx_word' id='word_1_199' title='bbox 1085 2713 1253 2790; x_wconf 73' lang='lat' dir='ltr'>sermonis,</span> 
     </span>
     <span class='ocr_line' id='line_1_24' title="bbox 75 2816 1254 2908; baseline -0.003 -23"><span class='ocrx_word' id='word_1_200' title='bbox 75 2818 192 2908; x_wconf 91' lang='lat' dir='ltr'>quiin</span> <span class='ocrx_word' id='word_1_201' title='bbox 222 2818 348 2885; x_wconf 87' lang='lat' dir='ltr'>civitate</span> <span class='ocrx_word' id='word_1_202' title='bbox 378 2827 537 2900; x_wconf 84' lang='lat' dir='ltr'>versatur,</span> <span class='ocrx_word' id='word_1_203' title='bbox 570 2820 786 2894; x_wconf 79' lang='lat' dir='ltr'>indicavisset,</span> <span class='ocrx_word' id='word_1_204' title='bbox 822 2818 857 2884; x_wconf 88' lang='lat' dir='ltr'>iu</span> <span class='ocrx_word' id='word_1_205' title='bbox 884 2817 947 2884; x_wconf 84' lang='lat' dir='ltr'>tino</span> <span class='ocrx_word' id='word_1_206' title='bbox 975 2820 1078 2904; x_wconf 85' lang='lat' dir='ltr'>quarti</span> <span class='ocrx_word' id='word_1_207' title='bbox 1108 2825 1141 2884; x_wconf 89' lang='lat' dir='ltr'>et</span> <span class='ocrx_word' id='word_1_208' title='bbox 1164 2816 1254 2886; x_wconf 91' lang='lat' dir='ltr'>initio</span> 
     </span>
     <span class='ocr_line' id='line_1_25' title="bbox 75 2915 1252 3010; baseline 0 -22"><span class='ocrx_word' id='word_1_209' title='bbox 75 2921 181 3010; x_wconf 88' lang='lat' dir='ltr'>quinti</span> <span class='ocrx_word' id='word_1_210' title='bbox 204 2921 278 2989; x_wconf 84' lang='lat' dir='ltr'>libri</span> <span class='ocrx_word' id='word_1_211' title='bbox 303 2922 366 2988; x_wconf 88' lang='lat' dir='ltr'>iam</span> <span class='ocrx_word' id='word_1_212' title='bbox 388 2931 536 3010; x_wconf 86' lang='lat' dir='ltr'>coeptam</span> <span class='ocrx_word' id='word_1_213' title='bbox 558 2937 737 2989; x_wconf 85' lang='lat' dir='ltr'>sermonem</span> <span class='ocrx_word' id='word_1_214' title='bbox 757 2923 803 2988; x_wconf 89' lang='lat' dir='ltr'>ita</span> <span class='ocrx_word' id='word_1_215' title='bbox 826 2925 930 2990; x_wconf 89' lang='lat' dir='ltr'>denuo</span> <span class='ocrx_word' id='word_1_216' title='bbox 956 2924 1068 2990; x_wconf 80' lang='lat' dir='ltr'>infert:</span> <span class='ocrx_word' id='word_1_217' title='bbox 1095 2915 1203 2990; x_wconf 75' lang='grc' dir='ltr'>Ἀλλά</span> <span class='ocrx_word' id='word_1_218' title='bbox 1224 2915 1252 3007; x_wconf 74' lang='grc' dir='ltr'>μ’</span> 
     </span>
     <span class='ocr_line' id='line_1_26' title="bbox 75 3021 1255 3116; baseline -0.003 -24"><span class='ocrx_word' id='word_1_219' title='bbox 75 3022 189 3107; x_wconf 77' lang='grc' dir='ltr'><strong><em>ἐπειδὴ</em></strong></span> <span class='ocrx_word' id='word_1_220' title='bbox 210 3022 296 3092; x_wconf 74' lang='grc' dir='ltr'><strong><em>τοῦτ’</em></strong></span> <span class='ocrx_word' id='word_1_221' title='bbox 321 3022 574 3115; x_wconf 73' lang='grc' dir='ltr'><strong><em>ἀπετελέσαμεν,</em></strong></span> <span class='ocrx_word' id='word_1_222' title='bbox 603 3021 887 3114; x_wconf 76' lang='grc' dir='ltr'><strong><em>ἀναμνησθῶμεν,</em></strong></span> <span class='ocrx_word' id='word_1_223' title='bbox 917 3021 1029 3094; x_wconf 74' lang='grc' dir='ltr'><strong><em>πόθεν</em></strong></span> <span class='ocrx_word' id='word_1_224' title='bbox 1048 3025 1146 3116; x_wconf 73' lang='grc' dir='ltr'><strong><em>δεῦρο</em></strong></span> <span class='ocrx_word' id='word_1_225' title='bbox 1169 3024 1255 3105; x_wconf 80' lang='grc' dir='ltr'><strong><em>ἐξε-</em></strong></span> 
     </span>
     <span class='ocr_line' id='line_1_27' title="bbox 74 3123 1256 3220; baseline -0.002 -25"><span class='ocrx_word' id='word_1_226' title='bbox 74 3124 351 3220; x_wconf 74' lang='grc' dir='ltr'><strong><em>τραπόμεθα,</em></strong></span> <span class='ocrx_word' id='word_1_227' title='bbox 379 3124 436 3196; x_wconf 79' lang='grc' dir='ltr'>ἵνα</span> <span class='ocrx_word' id='word_1_228' title='bbox 455 3125 557 3196; x_wconf 76' lang='grc' dir='ltr'><strong><em>πάλιν</em></strong></span> <span class='ocrx_word' id='word_1_229' title='bbox 577 3127 637 3211; x_wconf 81' lang='grc' dir='ltr'>τὴν</span> <span class='ocrx_word' id='word_1_230' title='bbox 659 3124 762 3211; x_wconf 80' lang='grc' dir='ltr'><strong><em>αὐτὴν</em></strong></span> <span class='ocrx_word' id='word_1_231' title='bbox 783 3129 889 3214; x_wconf 85' lang='grc' dir='ltr'><strong><em>ἴωμεν.</em></strong></span> <span class='ocrx_word' id='word_1_232' title='bbox 938 3123 984 3198; x_wconf 80' lang='lat' dir='ltr'>Ov’</span> <span class='ocrx_word' id='word_1_233' title='bbox 1004 3123 1158 3216; x_wconf 82' lang='grc' dir='ltr'><strong><em>χαλεπὸν,</em></strong></span> <span class='ocrx_word' id='word_1_234' title='bbox 1179 3127 1256 3220; x_wconf 79' lang='grc' dir='ltr'>ἔφη.</span> 
     </span>
     <span class='ocr_line' id='line_1_28' title="bbox 76 3227 1256 3323; baseline 0 -23"><span class='ocrx_word' id='word_1_235' title='bbox 76 3229 195 3321; x_wconf 83' lang='grc' dir='ltr'><strong><em>σχεδὸν</em></strong></span> <span class='ocrx_word' id='word_1_236' title='bbox 219 3228 300 3323; x_wconf 76' lang='grc' dir='ltr'>γὰρ,</span> <span class='ocrx_word' id='word_1_237' title='bbox 333 3227 528 3320; x_wconf 69' lang='grc' dir='ltr'><strong><em>καθάπερ</em></strong></span> <span class='ocrx_word' id='word_1_238' title='bbox 557 3233 644 3312; x_wconf 86' lang='grc' dir='ltr'><strong><em>νῶν,</em></strong></span> <span class='ocrx_word' id='word_1_239' title='bbox 685 3227 735 3311; x_wconf 77' lang='grc' dir='ltr'>ῶς</span> <span class='ocrx_word' id='word_1_240' title='bbox 767 3227 1030 3314; x_wconf 71' lang='grc' dir='ltr'><strong><em>διεληλυθὼς</em></strong></span> <span class='ocrx_word' id='word_1_241' title='bbox 1062 3235 1157 3317; x_wconf 81' lang='grc' dir='ltr'><strong><em>περὶ</em></strong></span> <span class='ocrx_word' id='word_1_242' title='bbox 1186 3231 1256 3312; x_wconf 77' lang='grc' dir='ltr'>τῆς</span> 
     </span>
     <span class='ocr_line' id='line_1_29' title="bbox 75 3330 1256 3422; baseline -0.003 -18"><span class='ocrx_word' id='word_1_243' title='bbox 75 3332 235 3414; x_wconf 85' lang='grc' dir='ltr'><strong><em>πόλεως</em></strong></span> <span class='ocrx_word' id='word_1_244' title='bbox 262 3331 362 3414; x_wconf 79' lang='grc' dir='ltr'><strong><em>τοὺς</em></strong></span> <span class='ocrx_word' id='word_1_245' title='bbox 392 3331 542 3422; x_wconf 76' lang='grc' dir='ltr'><strong><em>λόγους</em></strong></span> <span class='ocrx_word' id='word_1_246' title='bbox 568 3336 732 3412; x_wconf 75' lang='grc' dir='ltr'><strong><em>ἐποιοῦ,</em></strong></span> <span class='ocrx_word' id='word_1_247' title='bbox 769 3337 871 3421; x_wconf 77' lang='grc' dir='ltr'><strong><em>λέγων</em></strong></span> <span class='ocrx_word' id='word_1_248' title='bbox 903 3330 953 3412; x_wconf 79' lang='grc' dir='ltr'>ῶς</span> <span class='ocrx_word' id='word_1_249' title='bbox 982 3330 1152 3420; x_wconf 73' lang='grc' dir='ltr'><strong><em>ἀγαθὴν</em></strong></span> <span class='ocrx_word' id='word_1_250' title='bbox 1180 3341 1256 3422; x_wconf 80' lang='grc' dir='ltr'>μὲν</span> 
     </span>
     <span class='ocr_line' id='line_1_30' title="bbox 76 3430 1256 3521; baseline 0 -15"><span class='ocrx_word' id='word_1_251' title='bbox 76 3436 150 3521; x_wconf 84' lang='grc' dir='ltr'>τὴν</span> <span class='ocrx_word' id='word_1_252' title='bbox 171 3434 385 3521; x_wconf 80' lang='grc' dir='ltr'><strong><em>τοιαύτην,</em></strong></span> <span class='ocrx_word' id='word_1_253' title='bbox 413 3434 507 3506; x_wconf 81' lang='grc' dir='ltr'><strong><em>οἵαν</em></strong></span> <span class='ocrx_word' id='word_1_254' title='bbox 528 3433 618 3506; x_wconf 86' lang='grc' dir='ltr'><strong><em>τότε</em></strong></span> <span class='ocrx_word' id='word_1_255' title='bbox 639 3439 838 3521; x_wconf 72' lang='grc' dir='ltr'><strong><em>διῆλθες,</em></strong></span> <span class='ocrx_word' id='word_1_256' title='bbox 867 3439 1035 3520; x_wconf 67' lang='grc' dir='ltr'><strong><em>τιθείης</em></strong></span> <span class='ocrx_word' id='word_1_257' title='bbox 1055 3430 1173 3508; x_wconf 86' lang='grc' dir='ltr'><strong><em>πόλιν</em></strong></span> <span class='ocrx_word' id='word_1_258' title='bbox 1199 3441 1256 3506; x_wconf 80' lang='grc' dir='ltr'>καὶ</span> 
     </span>
     <span class='ocr_line' id='line_1_31' title="bbox 75 3534 1256 3637; baseline -0.002 -27"><span class='ocrx_word' id='word_1_259' title='bbox 75 3541 187 3632; x_wconf 74' lang='grc' dir='ltr'><strong><em>ἄνδρα</em></strong></span> <span class='ocrx_word' id='word_1_260' title='bbox 208 3539 266 3610; x_wconf 84' lang='grc' dir='ltr'>τὸν</span> <span class='ocrx_word' id='word_1_261' title='bbox 287 3542 387 3637; x_wconf 76' lang='grc' dir='ltr'><strong><em>ἐκείνη</em></strong></span> <span class='ocrx_word' id='word_1_262' title='bbox 410 3534 572 3630; x_wconf 77' lang='grc' dir='ltr'><strong><em>ὅμοιον),</em></strong></span> <span class='ocrx_word' id='word_1_263' title='bbox 607 3547 674 3610; x_wconf 77' lang='grc' dir='ltr'>καὶ</span> <span class='ocrx_word' id='word_1_264' title='bbox 693 3542 816 3623; x_wconf 80' lang='grc' dir='ltr'><strong><em>ταῦτα,</em></strong></span> <span class='ocrx_word' id='word_1_265' title='bbox 845 3535 889 3619; x_wconf 81' lang='grc' dir='ltr'>ῶς</span> <span class='ocrx_word' id='word_1_266' title='bbox 910 3540 1035 3622; x_wconf 75' lang='grc' dir='ltr'><strong><em>ἔοικας,</em></strong></span> <span class='ocrx_word' id='word_1_267' title='bbox 1063 3541 1226 3610; x_wconf 79' lang='grc' dir='ltr'><strong><em>κολλιω”</em></strong></span> <span class='ocrx_word' id='word_1_268' title='bbox 1207 3565 1256 3608; x_wconf 85' lang='grc' dir='ltr'>οτι</span> 
     </span>
     <span class='ocr_line' id='line_1_32' title="bbox 76 3637 1259 3765; baseline -0.003 -51"><span class='ocrx_word' id='word_1_269' title='bbox 76 3647 159 3735; x_wconf 79' lang='grc' dir='ltr'><strong><em>ἔχων</em></strong></span> <span class='ocrx_word' id='word_1_270' title='bbox 180 3642 279 3716; x_wconf 85' lang='grc' dir='ltr'><strong><em>ειπεῖν</em></strong></span> <span class='ocrx_word' id='word_1_271' title='bbox 300 3641 397 3714; x_wconf 84' lang='grc' dir='ltr'><strong><em>πόλιν</em></strong></span> <span class='ocrx_word' id='word_1_272' title='bbox 416 3670 451 3712; x_wconf 80' lang='grc' dir='ltr'>τε</span> <span class='ocrx_word' id='word_1_273' title='bbox 473 3650 530 3712; x_wconf 85' lang='grc' dir='ltr'>καὶ</span> <span class='ocrx_word' id='word_1_274' title='bbox 551 3641 669 3736; x_wconf 72' lang='grc' dir='ltr'>ἄνδρα.</span> <span class='ocrx_word' id='word_1_275' title='bbox 699 3640 769 3712; x_wconf 77' lang='grc' dir='ltr'><strong><em>αλλ’</em></strong></span> <span class='ocrx_word' id='word_1_276' title='bbox 794 3668 854 3712; x_wconf 83' lang='grc' dir='ltr'>ουν</span> <span class='ocrx_word' id='word_1_277' title='bbox 875 3640 924 3725; x_wconf 76' lang='grc' dir='ltr'>δὴ</span> <span class='ocrx_word' id='word_1_278' title='bbox 940 3641 1000 3723; x_wconf 82' lang='grc' dir='ltr'>τὰς</span> <span class='ocrx_word' id='word_1_279' title='bbox 1021 3637 1164 3722; x_wconf 84' lang='grc' dir='ltr'><strong><em>αλλας</em></strong></span> <span class='ocrx_word' id='word_1_280' title='bbox 1146 3661 1259 3765; x_wconf 76' lang='grc' dir='ltr'>ημοιρ·Ι</span> 
     </span>
     <span class='ocr_line' id='line_1_33' title="bbox 76 3741 1256 3872; baseline 0 -56"><span class='ocrx_word' id='word_1_281' title='bbox 76 3752 220 3839; x_wconf 81' lang='grc' dir='ltr'><strong><em>τημὲνοις</em></strong></span> <span class='ocrx_word' id='word_1_282' title='bbox 241 3750 385 3838; x_wconf 75' lang='grc' dir='ltr'><strong><em>ἔλεγες,</em></strong></span> <span class='ocrx_word' id='word_1_283' title='bbox 388 3775 416 3817; x_wconf 86' lang='grc' dir='ltr'>ει</span> <span class='ocrx_word' id='word_1_284' title='bbox 445 3741 530 3831; x_wconf 79' lang='grc' dir='ltr'><strong><em>ον’τη</em></strong></span> <span class='ocrx_word' id='word_1_285' title='bbox 557 3743 664 3840; x_wconf 76' lang='grc' dir='ltr'>ὀμθη</span> <span class='ocrx_word' id='word_1_286' title='bbox 695 3748 767 3816; x_wconf 86' lang='grc' dir='ltr'>τῶν</span> <span class='ocrx_word' id='word_1_287' title='bbox 779 3749 815 3816; x_wconf 79' lang='grc' dir='ltr'>δὲ</span> <span class='ocrx_word' id='word_1_288' title='bbox 838 3747 960 3816; x_wconf 81' lang='grc' dir='ltr'><strong><em>λοιπῶν</em></strong></span> <span class='ocrx_word' id='word_1_289' title='bbox 980 3747 1193 3872; x_wconf 80' lang='grc' dir='ltr'><strong><em>πολιτειῶν”</em></strong></span> <span class='ocrx_word' id='word_1_290' title='bbox 1174 3773 1256 3838; x_wconf 80' lang='grc' dir='ltr'>εφη</span> 
     </span>
    </p>
   </div>
   <div class='ocr_carea' id='block_1_3' title="bbox 78 3915 393 3932">
    <p class='ocr_par' dir='ltr' id='par_1_3' title="bbox 78 3915 393 3932">
     <span class='ocr_line' id='line_1_34' title="bbox 78 3915 393 3932; baseline 0.01 -4"><span class='ocrx_word' id='word_1_291' title='bbox 78 3915 393 3932; x_wconf 44' lang='grc' dir='ltr'>...ὴ-ιι·-</span> 
     </span>
    </p>
   </div>
   <div class='ocr_carea' id='block_1_4' title="bbox 77 4021 1255 4351">
    <p class='ocr_par' dir='ltr' id='par_1_4' title="bbox 77 4021 1255 4351">
     <span class='ocr_line' id='line_1_35' title="bbox 150 4021 1254 4106; baseline -0.004 -27"><span class='ocrx_word' id='word_1_292' title='bbox 150 4021 173 4092; x_wconf 79' lang='lat'>*)</span> <span class='ocrx_word' id='word_1_293' title='bbox 199 4025 259 4079; x_wconf 82' lang='lat' dir='ltr'>Nou</span> <span class='ocrx_word' id='word_1_294' title='bbox 277 4025 428 4091; x_wconf 73' lang='lat' dir='ltr'>singulatim</span> <span class='ocrx_word' id='word_1_295' title='bbox 447 4025 687 4106; x_wconf 70' lang='lat' dir='ltr'>egtssei’tatonem</span> <span class='ocrx_word' id='word_1_296' title='bbox 707 4024 740 4078; x_wconf 85' lang='lat' dir='ltr'>do</span> <span class='ocrx_word' id='word_1_297' title='bbox 759 4025 815 4078; x_wconf 82' lang='lat' dir='ltr'>vtro</span> <span class='ocrx_word' id='word_1_298' title='bbox 834 4027 923 4086; x_wconf 84' lang='lat' dir='ltr'>tusto,</span> <span class='ocrx_word' id='word_1_299' title='bbox 943 4023 991 4076; x_wconf 80' lang='lat' dir='ltr'>sed</span> <span class='ocrx_word' id='word_1_300' title='bbox 1009 4035 1040 4076; x_wconf 87' lang='lat' dir='ltr'>er</span> <span class='ocrx_word' id='word_1_301' title='bbox 1061 4024 1167 4078; x_wconf 78' lang='lat' dir='ltr'>civitate</span> <span class='ocrx_word' id='word_1_302' title='bbox 1186 4033 1254 4089; x_wconf 82' lang='lat' dir='ltr'>quac</span> 
     </span>
     <span class='ocr_line' id='line_1_36' title="bbox 78 4111 1253 4185; baseline -0.01 -13"><span class='ocrx_word' id='word_1_303' title='bbox 78 4119 150 4172; x_wconf 79' lang='lat' dir='ltr'>esset</span> <span class='ocrx_word' id='word_1_304' title='bbox 167 4119 226 4168; x_wconf 84' lang='lat' dir='ltr'>etus</span> <span class='ocrx_word' id='word_1_305' title='bbox 244 4122 339 4185; x_wconf 80' lang='lat' dir='ltr'>pctore</span> <span class='ocrx_word' id='word_1_306' title='bbox 357 4115 569 4170; x_wconf 81' lang='lat' dir='ltr'>conctaoeaoonr</span> <span class='ocrx_word' id='word_1_307' title='bbox 585 4129 659 4174; x_wconf 83' lang='lat' dir='ltr'>esre,</span> <span class='ocrx_word' id='word_1_308' title='bbox 686 4119 809 4176; x_wconf 76' lang='lat' dir='ltr'>tenuitur</span> <span class='ocrx_word' id='word_1_309' title='bbox 830 4113 974 4167; x_wconf 59' lang='lat' dir='ltr'>cauernis</span> <span class='ocrx_word' id='word_1_310' title='bbox 997 4111 1052 4166; x_wconf 77' lang='grc' dir='ltr'>τὸν</span> <span class='ocrx_word' id='word_1_311' title='bbox 1074 4111 1175 4182; x_wconf 65' lang='grc' dir='ltr'><strong><em>ἐκείνῃ</em></strong></span> <span class='ocrx_word' id='word_1_312' title='bbox 1200 4117 1209 4171; x_wconf 92' lang='lat' dir='ltr'>t</span> <span class='ocrx_word' id='word_1_313' title='bbox 1216 4124 1253 4163; x_wconf 83' lang='lat' dir='ltr'>sc.</span> 
     </span>
     <span class='ocr_line' id='line_1_37' title="bbox 77 4199 1255 4276; baseline -0.002 -18"><span class='ocrx_word' id='word_1_314' title='bbox 77 4203 179 4266; x_wconf 82' lang='grc' dir='ltr'><strong><em>πόλει)</em></strong></span> <span class='ocrx_word' id='word_1_315' title='bbox 205 4202 332 4276; x_wconf 62' lang='lat' dir='ltr'>iptorum</span> <span class='ocrx_word' id='word_1_316' title='bbox 360 4212 387 4259; x_wconf 88' lang='lat' dir='ltr'>et</span> <span class='ocrx_word' id='word_1_317' title='bbox 410 4209 485 4260; x_wconf 76' lang='lat' dir='ltr'>&#39;recte</span> <span class='ocrx_word' id='word_1_318' title='bbox 503 4218 533 4260; x_wconf 85' lang='lat' dir='ltr'>cr</span> <span class='ocrx_word' id='word_1_319' title='bbox 552 4205 593 4257; x_wconf 84' lang='lat' dir='ltr'>hta</span> <span class='ocrx_word' id='word_1_320' title='bbox 611 4207 691 4258; x_wconf 85' lang='lat' dir='ltr'>ettam</span> <span class='ocrx_word' id='word_1_321' title='bbox 710 4205 841 4271; x_wconf 69' lang='lat' dir='ltr'>coiitpttur</span> <span class='ocrx_word' id='word_1_322' title='bbox 858 4205 1004 4270; x_wconf 81' lang='lat' dir='ltr'>praecipua</span> <span class='ocrx_word' id='word_1_323' title='bbox 1023 4199 1117 4269; x_wconf 81' lang='lat' dir='ltr'>quaeri</span> <span class='ocrx_word' id='word_1_324' title='bbox 1133 4201 1255 4276; x_wconf 48' lang='lat' dir='ltr'>¹lempu-</span> 
     </span>
     <span class='ocr_line' id='line_1_38' title="bbox 78 4295 196 4351; baseline -0.017 -1"><span class='ocrx_word' id='word_1_325' title='bbox 78 4295 196 4351; x_wconf 74' lang='lat' dir='ltr'>uuam..</span> 
     </span>
    </p>
   </div>
   <div class='ocr_carea' id='block_1_5' title="bbox 0 0 1660 5232">
    <p class='ocr_par' dir='ltr' id='par_1_5' title="bbox 0 0 1660 5232">
     <span class='ocr_line' id='line_1_39' title="bbox 0 0 1660 5232; baseline 0 0"><span class='ocrx_word' id='word_1_326' title='bbox 0 0 1660 5232; x_wconf 95' lang='lat' dir='ltr'> </span> 
     </span>
    </p>
   </div>
  </div>
 </body>
</html>
