3298 5232
549 388 781 466 *ili-

529 675 715 743 8ΕοΉο
745 677 804 741 11.

161 871 225 936 Ista
245 887 324 936 vero
346 869 407 935 alia
428 891 503 954 pars
526 869 678 936 orationis
697 867 832 955 excipit:
856 861 976 935 Βούλει
1000 853 1059 934 οὖν
1080 863 1165 934 τοῦτ’
1188 862 1252 950 ἤδη

73 974 259 1060 σκοπῶμεν,
287 973 360 1040 τίνα
390 969 514 1062 τρόπον
544 977 575 1040 οἱ
596 973 744 1039 τοιοῦτοι
765 967 1007 1058 ἐγγενήσονται,
1038 973 1093 1038 καὶ
1114 969 1182 1050 ιτῶς
1203 995 1254 1050 τις

73 1073 187 1157 ἀνοίξει
212 1071 332 1155 αὐτοὺς
355 1072 400 1156 εἰς
423 1077 510 1168 φῶς,
534 1067 640 1196 ὥσπερ
663 1075 696 1157 ἐξ
717 1067 843 1142 ιἈιδου
868 1079 1018 1160 λέγονται
1040 1069 1080 1156 δή
1103 1099 1187 1154 τινες
1208 1070 1255 1154 εἰς’

71 1177 184 1258 θεοὺς
205 1175 377 1262 ἆνελθεῑν;
406 1181 486 1256 Πῶς
506 1175 570 1267 γὰρ
593 1173 631 1246 οὐ
652 1173 884 1266 βούλομαι,·”
866 1203 939 1269 εφη.
988 1179 1095 1245 Τοῦτο
1125 1170 1234 1260 δὴ,
1211 1201 1254 1257 ως

72 1283 197 1364 ἔοικεν,
232 1278 291 1350 οὐκ
320 1277 485 1373 ὀστράκου
515 1277 556 1355 ἂν
583 1283 630 1364 εἴη
652 1279 874 1404 ποριστρρςοὴ,
901 1277 988 1348 ἄλλα
1008 1281 1118 1374 ψυχῆς
1139 1306 1254 1402 περια-

71 1383 166 1472 γωγὴ
189 1387 223 1452 ἐκ
244 1388 430 1476 νυκτερινῆς
453 1381 542 1463 τινὸς
562 1381 686 1476 ἡμέρας
708 1381 754 1463 εἰς
775 1381 944 1468 ἀληθινὴν
965 1385 1024 1452 τοῦ
1040 1381 1135 1462 ὄντος
1150 1371 1254 1452 οὖσαν

72 1483 296 1570 εἰτιιὶνοιλον,“1
276 1513 316 1570 ην
337 1487 378 1570 δὴ
401 1489 606 1582 φιλοσοφίαν
627 1485 746 1571 ἆληθῆ
768 1483 917 1578 φήσομεν
938 1479 1031 1555 εἶναι.
1073 1483 1254 1576 Πάνυμὲν

73 1579 145 1661 οὖν.
194 1588 320 1659 Οὐκοῦν
342 1595 394 1660 δεῖ
411 1596 617 1659 σκοπεῖσθαι
639 1593 668 1658 τί
689 1594 754 1659 τῶν
773 1587 1029 1718 μαθημάτων
1010 1617 1072 1680 εχει
1095 1587 1253 1674 τοιαύτην

73 1691 236 1782 δύναμιν,·
272 1696 351 1774 Πῶς
372 1691 436 1784 γὰρ
460 1692 515 1777 οὕς
553 1691 656 1762 Τι’ἀν
678 1681 742 1761 ουν
758 1721 823 1776 ειη,
853 1681 878 1760 ὦ
899 1689 1074 1775 [λα’ύκων,
1103 1690 1254 1781 μαθημα

72 1801 188 1892 ψυχῆς
211 1794 350 1865 ὁλκὸν’
331 1796 398 1864 απὸ
420 1800 481 1865 τοῦ
501 1801 695 1885 γιγνομένου
718 1793 822 1864 ἐπὶ
790 1823 828 1863 το
851 1793 899 1864 ὄν
944 1800 1035 1884 esp
1052 1801 1122 1873 521,
1146 1797 1181 1864 C.
1206 1801 1251 1865 St.

72 1905 143 1968 Nisi
166 1904 199 1966 in
220 1900 405 1986 Republica,
429 1905 484 1968 sed
506 1903 538 1966 in
561 1900 746 1988 explicanda
765 1901 884 1966 iustitia
905 1901 958 1966 hic
979 1917 1086 1967 sermo
1108 1918 1252 1968 versare·

73 2013 146 2081 tur,
169 2004 248 2070 haec
270 2004 455 2088 exponenda
476 2025 540 2070 non
562 2013 667 2084 erant;
700 2007 726 2070 si
747 2021 826 2070 vero
847 2007 881 2068 in
904 2004 1113 2070 describenda
1128 2007 1255 2092 ¹optima

73 2106 249 2192 Republica
270 2127 378 2174 sermo
398 2107 562 2182 versatum·
574 2117 641 2174 tum
663 2111 858 2184 haecetium
881 2109 1048 2192 diligenter
1067 2110 1253 2174 excutienda

74 2213 183 2278 fuisse
200 2219 295 2297 patet.
339 2215 418 2276 Tum
446 2214 528 2276 enim
558 2210 754 2289 docendum,
784 2229 847 2298 quo
875 2211 970 2278 modo
998 2211 1067 2276 fieri
1097 2211 1196 2298 possit
1218 2221 1253 2278 ut

77 2318 221 2380 oriantur
246 2315 323 2381 tales
351 2324 491 2381 rectores
519 2317 674 2392 civitatis,
704 2317 759 2400 qui
781 2335 934 2380 summam
955 2315 1160 2400 perfectiouis
1182 2335 1253 2402 spe-

75 2421 159 2485 ciem
179 2422 213 2484 h.
238 2442 267 2484 e.
292 2421 396 2483 ideam
415 2417 493 2484 boni
516 2419 629 2502 stipsi
651 2425 857 2503 cognoscant,
887 2425 919 2482 et
948 2423 986 2483 ad
1016 2418 1253 2484 eius-similitu-

77 2523 187 2590 dinem
203 2529 312 2588 'totam
341 2522 497 2589 civitatem
526 2521 645 2607 fingant
674 2531 706 2586 et
732 2530 850 2604 regant.
893 2523 1104 2607 deprimam
1126 2522 1254 2608 quidem

76 2626 289 2716 gymnasticae
316 2633 348 2691 ct
379 2628 516 2690 musicae
542 2627 636 2701 artis,
671 2629 710 2691 de
740 2623 854 2710 quibus
884 2631 976 2690 antea
1004 2625 1152 2691 collocati
1179 2629 1251 2702 siut,

77 2751 211 2816 quarum
239 2729 294 2795 illa
324 2731 363 2794 ad
394 2751 525 2813 corpus,
555 2731 633 2794 haec
655 2732 695 2794 ad
717 2731 857 2794 animum
878 2728 1047 2815 praecipue
1069 2729 1253 2814 pertineret,

75 2835 239 2899 mentione
271 2827 385 2898 iniecta
416 2833 633 2920 copulatisque
665 2835 709 2898 ita
737 2832 776 2897 iis
810 2835 916 2918 operis
943 2835 1085 2920 partibus
1112 2850 1192 2918 quae
1211 2833 1254 2900 'in

77 2938 245 3002 custodum
267 2939 451 3002 educatione
473 2946 657 3014 versantur,
687 2937 960 3002 arithmeticorum
983 2941 1092 3002 earuni
1113 2937 1254 3024 discipli·

76 3059 191 3105 narum
212 3059 379 3106 numerum
398 3036 523 3123 recipit,
547 3061 627 3126 qnae
650 3038 689 3106 ad
711 3039 915 3106 excolendam
937 3043 1050 3106 mentis
1069 3043 1170 3107 aciem
1191 3041 1253 3106 uti-

76 3144 123 3210 les
146 3150 260 3219 essent,
285 3147 377 3209 etad
398 3142 739 3210 idearumrdoctrinam
761 3135 988 3230 praepararent
1003 3153 1033 3210 et
1049 3144 1254 3216 adducerent.

77 3246 125 3312 Ibi
147 3249 230 3312 inter
251 3246 313 3311 alia
333 3250 414 3312 haeo
434 3247 602 3331 teguntur:
628 3244 687 3314 οὐκ
710 3244 868 3329 ἀθλητὰς
881 3250 994 3334 μέντοι
1008 3251 1153 3335 πολέμου
1170 3247 1254 3340 ἔφα-

75 3373 136 3439 μεν
164 3345 510 3437 τούτουςιᾶναγκαῖον
540 3341 623 3416 εἶναι
652 3354 743 3428 νέους
766 3347 880 3432 ὄντας
904 3345 1057 3442 Ἔφαμεν
1079 3347 1153 3442 γάρ.
1200 3355 1257 3419 Δεῖ

76 3452 144 3541 ἄρα
167 3455 342 3520 καὶτοῦτο
365 3456 533 3540 προσέχειν
556 3451 593 3519 τὸ
614 3449 780 3540 μάθημα,
803 3446 822 3518 ὃ
844 3453 1018 3538 ζητοῦμεν,
1039 3449 1122 3539 πρὸς
1139 3453 1254 3546 ἐκείνῳ.

82 3555 129 3624 Τὸ
152 3561 264 3639 ποῖον,·
286 3554 345 3638 Μὴ
368 3553 531 3646 ἄχρηστον
545 3559 733 3643 πολεμικοῖς
755 3552 915 3643 ἀνδράσιν
937 3546 1030 3623 εἶναι.
1063 3557 1123 3623 Δεῖ
1132 3559 1254 3644 μέντοι,

77 3660 157 3753 ἔφη,
181 3661 267 3749 εἴπερ
291 3653 425 3727 οἷόντε.
455 3681 487 3746 p.
512 3663 590 3738 5211,
619 3663 658 3725 D.
706 3661 852 3725 Studiose
873 3659 978 3744 igitur
992 3659 1079 3724 Plato
1103 3682 1173 3725 cum
1195 3663 1255 3725 hoc

75 3767 168 3840 loco,
200 3771 273 3828 tum'
295 3761 498 3848 sentientibus
527 3763 605 3829 haec
632 3762 738 3830 omnia
760 3762 893 3828 civitatis
916 3783 1008 3828 causa
1031 3761 1183 3848 disputari
1206 3765 1254 3828 in·

76 3871 172 3934 dicat.
217 3869 264 3931 Ne
287 3865 373 3951 tongi
395 3865 513 3943 simus,
531 3867 655 3933 omissis
677 3865 832 3953 pluribus,
858 3863 978 3930 ex'hac
992 3865 1150 3931 sermonis
1162 3875 1253 3950 parte

74 3991 175 4036 unum
197 3977 316 4036 tantum
337 3972 444 4036 locum
465 3970 644 4036 afferamus.
690 3970 869 4060 Προσῆκου
899 3965 939 4050 δι’]
968 3965 1006 4034 τὸ
1035 3965 1183 4053 μάθημα
1214 3968 1255 4036 ἄν

75 4077 144 4156 εἴη,
174 4060 198 4138 ὦ
227 4068 401 4145 Γλαύκων,
429 4075 662 4160 νομοθετῆσαι
690 4079 746 4140 καὶ
767 4075 898 4140 πείθειν
920 4069 997 4151 τους
1018 4072 1199 4158 μέλλοντας
1222 4073 1254 4139 ἐν

73 4181 114 4273 τῇ
137 4171 231 4244 πόλει
255 4176 317 4242 τῶν
338 4176 498 4263 μεγίστων
524 4177 675 4264 μεθέξειν
705 4178 755 4242 ἐπὶ
783 4173 971 4264 λογιστικὴν
1000 4171 1083 4243 ι’ίναι
1112 4181 1167 4243 καὶ
1196 4171 1253 4241 ἄν’)-

72 4277 282 4349 θοὶιιτεσθαι
305 4274 407 4362 αὐτῆς
426 4277 472 4368 μὴ
489 4275 675 4362 Ιἰδιωτικῶς,
698 4274 766 4350 ἀλλ’
793 4283 850 4361 ἕως
869 4275 912 4347 ἰλν
933 4281 984 4348 ἐπὶ
1007 4281 1096 4348 θέαν
1117 4279 1175 4362 τῆς
1189 4276 1253 4346 τῶν
