3296 5232
837 405 1072 471 ..ςυρ-

363 574 467 663 igitur.
484 573 560 660 quid
580 581 659 638 νὀοο
687 561 817 657 πεμπὰς
844 564 1050 652 significetur.
1098 559 1180 640 Quid
1203 577 1275 624 vero
1297 557 1441 642 propius
1458 575 1554 640 ηιιαυι

364 681 400 746 δι
420 681 548 798 quinque
569 678 725 742 civitatum
739 672 906 759 principiis
927 669 1083 754 οορίίαειί
1105 665 1151 730 Cf.
1174 661 1228 734 lib
1250 663 1337 730 VIII.
1360 681 1392 748 p.
1420 661 1551 739 5666

369 918 405 974 τὸ
440 922 589 993 τρίτον·
609 913 684 992 ὅρον
701 915 757 983 μέν
775 907 870 967 αύτου
859 905 992 977 ἕξομεν
1017 905 1140 970 τοῦτον,
1162 896 1329 978 ἀριθμὸς
1312 922 1330 956 ο
1348 918 1427 967 εχων
1441 899 1476 954 εν
1488 898 1556 954 έαυ·

366 1008 407 1080 τῷ
424 1003 496 1062 ὅλον
517 1023 549 1062 τε
570 1005 624 1061 τὸν
642 1001 878 1078 συγκρινόμενον
895 1001 947 1052 καί
969 999 1061 1071 μέρος
1082 991 1181 1050 αύτοῦ
1204 996 1304 1066 τρίτον
1327 989 1405 1065 πρὸς
1423 991 1460 1044 τὸ
1483 986 1556 1061 όλιρ·

367 1092 570 1168 ὑποδείγματα
584 1095 615 1150 δέ
633 1090 729 1150 αύτοιῑ
742 1085 872 1146 εὔτακτοι
885 1085 1094 1158 ληφθήσονται
1112 1081 1185 1155 ἡμίν
1198 1085 1231 1138 οί
1245 1079 1305 1137 ἀπὸ
1329 1079 1475 1155 τετράδος
1485 1097 1557 1134 συν-

367 1192 443 1252 εχεῖς
459 1184 684 1260 τετραπλάσιαι,
704 1181 928 1252 συνεζευγμένοι
950 1181 1014 1243 τοῖς
1032 1173 1091 1230 ἀπὸ
1110 1172 1230 1248 τριάδος
1250 1171 1455 1246 τριπλασίοις,
1481 1166 1557 1238 ὁμο«

369 1282 469 1345 ταγείς
486 1271 683 1344 ὁμοταγέσιν,
709 1268 775 1326 οἷον
794 1265 845 1332 ὁδ
866 1271 963 1370 τῷγ,
989 1265 1008 1322 ὁ
1027 1285 1046 1335 η
1067 1267 1107 1338 τῷ
1132 1281 1182 1330 στ,
1200 1259 1218 1318 6
1238 1263 1269 1328 ιβ
1287 1262 1382 1332 τῷθ,
1405 1258 1424 1316 ὁ
1445 1277 1496 1315 ιστ
1515 1260 1558 1330 τῷ

370 1365 419 1430 ιβ,
443 1368 494 1417 καί
511 1361 587 1420 κατὰ
610 1361 646 1418 τά
664 1357 743 1416 αύτά
761 1355 809 1428 ἐφ’
827 1353 970 1413 ὁσονοῦν
997 1355 1095 1424 Δῆλον
1118 1350 1189 1407 δέ
1168 1370 1217 1408 οτι
1235 1348 1252 1406 6
1272 1347 1499 1405 ἀνθυπακούων
1516 1349 1558 1420 τῶ

367 1453 522 1529 ἐπιτρίτῳ,
541 1450 700 1522 λεγόμενος
718 1449 749 1504 δέ
762 1448 819 1504 σὺν
836 1448 874 1524 τῇ
887 1445 945 1500 ὑπὸ
960 1444 1102 1520 προθέσει
1112 1437 1309 1510 υπεπίτριτος
1329 1433 1449 1492 ἐστίν’
1430 1458 1449 1491 ο
1470 1437 1559 1505 ε’μπε·

371 1539 545 1618 ριεχόμενος
568 1541 670 1612 ἐκείνῳ
694 1535 765 1604 ὁλος
783 1553 814 1592 τε
832 1540 883 1590 καί
901 1537 1024 1610 προσέτι
1041 1529 1138 1588 αύτοῦ
1141 1548 1195 1612 τρ
1197 1533 1277 1594 ί,τον
1306 1525 1345 1594 ῶς
1364 1523 1381 1580 ὁ
1401 1528 1460 1596 μὲν
1479 1545 1497 1597 γ
1517 1527 1560 1595 τῷ

368 1631 398 1696 δ,
417 1629 484 1685 ὁδε
502 1647 539 1686 στ
556 1631 646 1702 τιρη
664 1624 825 1698 ὁδδθτῷ
843 1627 890 1691 ιβ,
910 1627 963 1679 καί
981 1627 1013 1678 οί
1029 1621 1194 1681 ακολουθοι
1211 1644 1270 1680 των
1288 1621 1462 1732 ὁμοταγῶν.
1490 1623 1561 1675 Πα-

370 1721 555 1796 ρατηρητέον
578 1718 609 1772 δέ
635 1715 669 1772 τὸ
693 1718 902 1791 παρεπόμενον
926 1713 1000 1768 πᾶσι
1026 1712 1146 1782 τούτοις
1173 1715 1347 1788 γλαφυρὸν,
1376 1709 1426 1768 ὁτι
1453 1712 1562 1778 οἱμὲν

371 1810 483 1883 πρῶτοι
500 1811 551 1862 καί
569 1807 757 1875 πυθμένες
774 1803 932 1876 λεγόμενοι
948 1802 1039 1874 έγγύς
1056 1808 1133 1860 είσιν
1157 1804 1191 1858 έν
1213 1807 1254 1876 τῷ
1280 1801 1401 1872 φυσικῷ
1425 1800 1560 1870 χ’ύματι,

371 1901 402 1956 ot
417 1899 447 1952 δέ
466 1897 600 1972 δεύτεροι
617 1893 676 1950 ἀπὸ
696 1896 854 1965 πυθμένων
873 1890 927 1946 ἕνα
952 1890 1051 1960 μόνον
1077 1892 1209 1968 ἀριθμὸν
1231 1895 1453 1955 διαλείπουσιν,
1477 1894 1510 1946 οί
1525 1891 1560 1944 δέ

371 1989 466 2062 τρίτοι
484 1986 557 2052 δύο,
575 1987 605 2038 οί
621 1984 652 2038 δέ
669 1987 805 2059 τέταρτοι
823 1989 915 2057 τρεῖς,
935 1982 966 2034 οἱ
982 1981 1014 2035 δέ
1032 1985 1160 2050 πέμπτοι
1177 1984 1213 2044 δ,
1239 1986 1290 2038 καὶ
1308 1979 1355 2038 ἀεί
1373 1978 1490 2048 οὕτως,
1506 1983 1559 2048 μέ·

372 2093 437 2151 χρις
455 2067 492 2130 ού
509 2073 623 2140 βούλει.
646 2070 712 2129 Ἔτι
727 2091 761 2144 γε
783 2073 846 2142 μὴν
867 2073 918 2124 καί
934 2067 983 2124 ὁτι
1006 2069 1041 2125 τό
1058 2071 1187 2146 μόριον,
1210 2065 1249 2126 οὖ
1273 2069 1460 2147 πάρῶνυμός
1479 2070 1560 2123 ε’στιν

371 2162 499 2232 ἕκαστος
516 2165 574 2218 τῶν
597 2163 774 2234 έπιμορίων,
798 2161 831 2214 ἐν
848 2167 911 2225 τοῖς
936 2155 1042 2228 ἥττοσι
1063 2163 1219 2236 θεωρεῖται
1244 2165 1301 2215 τῶν
1318 2162 1501 2227 πυθμένων,
1529 2157 1560 2211 ἕν

372 2253 404 2308 δὲ
422 2259 485 2319 τοῖς
501 2255 633 2320 μείζοσιν
652 2247 799 2318 οὐδαμῶς.
838 2250 879 2302 Cf·
896 2251 1002 2303 Νίσαια.
1022 2249 1115 2304 Geras.
1135 2253 1286 2305 Ισιτοιίιιοί.
1307 2253 1447 2303 αιίιίιτοεί.
1471 2251 1522 2302 lib.
1537 2251 1555 2300 1.

374 2357 399 2396 ι.
418 2344 463 2396 19.
484 2357 510 2408 ρ.
524 2343 569 2395 95.
582 2343 625 2396 εδ.
639 2343 696 2394 Ast.
710 2344 762 2393 lam
775 2341 897 2394 Ιειιδιίσι
910 2341 1074 2394 Schneidero
1088 2356 1115 2406 ρ.
1133 2344 1176 2395 15.
1190 2345 1238 2394 ln':
1253 2343 1294 2395 De
1308 2356 1422 2394 numero
1435 2341 1560 2393 Ρίιιοοὶι

375 2435 529 2511 ιίΙιριείιιιο.
555 2433 737 2486 ντειίείιτίιε.
761 2432 897 2496 Repetunt
916 2431 952 2483 Ιίιι
972 2431 1042 2482 diota
1056 2435 1082 2484 ίιι
1095 2432 1219 2486 Platonis
1233 2446 1294 2498 opp.
1311 2432 1371 2485 Vol.
1385 2432 1438 2482 111.
1456 2445 1487 2496 p.
1500 2431 1559 2482 XV.

446 2523 521 2576 Idem
547 2529 578 2574 ut
605 2525 676 2576 τοιίι
703 2520 854 2588 πυθμένος
879 2521 1101 2586 agamennonem
1135 2525 1218 2589 αιεςίι
1247 2526 1327 2575 emm
1353 2522 1503 2574 ίίίιιεῑειεει
1529 2534 1561 2574 ιι

280 2680 283 2685 ¹
377 2611 631 2680 Θεολογουμένοις
649 2609 703 2678 τῆς
720 2607 919 2684 ἀριθμητικῆς
942 2610 1013 2673 apud
1038 2611 1144 2664 Aulum
1172 2627 1200 2676 p.
1220 2614 1264 2666 27.
1289 2613 1361 2666 hunc
1378 2613 1475 2664 locum
1493 2623 1563 2662 com·

375 2703 454 2754 modo
472 2702 578 2752 attulit:
594 2696 635 2751 Εἴ
648 2715 691 2764 τις
708 2701 808 2752 τοίνυν
825 2693 955 2772 ἀριθμός
973 2696 1071 2765 ίσάκις
1088 2697 1155 2767 ῗσος
1172 2701 1268 2768 έστίν,
1287 2697 1383 2766 ούτως
1401 2697 1564 2754 δικαιοσύ-

377 2808 429 2859 νης
451 2788 601 2852 είδοποιὸς
624 2789 675 2841 καί
700 2786 884 2853 έπιδεκτικὸς
906 2782 945 2840 ἀν
967 2785 1024 2856 εἴη.
1043 2787 1100 2854 πάς
1117 2789 1148 2842 δέ
1166 2787 1350 2864 τετράγωνος
1373 2787 1480 2855 ἰσάκις
1498 2785 1564 2852 ἴσος

376 2875 518 2953 ὑπάρχει,
538 2872 602 2930 ἀλλ’
619 2873 659 2930 ού
676 2875 735 2941 πάς
750 2873 918 2944 μεσότητος
935 2874 1085 2942 δεκτικὸς,
1104 2873 1179 2930 ἀλλὰ
1196 2875 1292 2946 μόνος
1309 2876 1454 2948 δηλονότι
1473 2873 1510 2944 ὃς
1528 2873 1565 2930 ἀν

376 2966 519 3044 περισσὸς
535 2964 593 3034 εἴη·
611 2962 745 3020 καθόλου
763 2963 822 3038 γάρ
844 2961 950 3038 ἀρτίου
972 2960 1106 3040 ἀριθμοῦ
1129 2965 1262 3036 μεσότης
1285 2962 1325 3021 ου’
1343 2969 1499 3034 φαίνεται·
1519 2981 1566 3019 πι-

375 3056 488 3134 ρισσῶν
505 3056 537 3110 δέ
555 3056 792 3128 προσεχέστατος
803 3055 860 3106 ’καί
878 3052 1065 3121 οἰκειότατος
1082 3050 1121 3109 ἀν
1137 3051 1185 3125 εἴη
1204 3051 1222 3110 6
1238 3055 1375 3126 πυθμὴν,
1393 3059 1422 3110 εί
1432 3057 1488 3109 καί
1506 3054 1565 3109 τῶν

376 3145 473 3202 αύτοῦ
491 3143 588 3212 λόγων
605 3140 788 3207 ἐπιδεκτικὸς
805 3137 823 3197 6
840 3139 904 3210 μετ’
923 3138 1029 3198 αύτόν.
1049 3142 1171 3211 (apparet
1193 3161 1226 3200 ει
1245 3149 1300 3200 ίειίε
1320 3150 1400 3201 etlam
1418 3153 1496 3200 τεειε
1516 3159 1565 3198 σοι

376 3251 456 3301 supra
481 3233 634 3289 ’ἀιόοίείιιε
667 3238 737 3288 vocis
763 3231 878 3305 πρῶτος
904 3233 1149 3302 significationem.)
1181 3231 1425 3303 Ἑπιστημονιιιαί
1451 3234 1486 3289 δέ
1515 3235 1567 3287 καί

377 3322 545 3394 φιλόσοφοι
562 3319 725 3389 ἀποδείξεις
742 3318 790 3375 ἀεὶ
808 3327 871 3387 τοϊς
888 3322 1035 3392 πυθμέσιν
1052 3324 1218 3390 ἐλαχίστοις
1246 3319 1292 3378 ὁτι
1315 3326 1367 3378 καί
1392 3319 1431 3377 ἀν
1453 3359 1462 3377 .
1484 3363 1493 3381 .
1513 3320 1567 3376 πό-

377 3419 460 3481 ’στοις
477 3413 653 3488 ἐπιχρῶνται
671 3413 722 3465 καί
739 3409 883 3485 ἐνορῶσιν
901 3409 934 3464 έν
952 3407 1056 3479 αύτοίς
1074 3407 1113 3482 ῶς
1139 3412 1171 3466 έν
1187 3413 1407 3488 παραδείγμασί
1426 3429 1492 3466 τισι
1511 3413 1566 3477 τὰς

375 3499 561 3574 ὁμοιότητας
577 3501 636 3556 τῶν
652 3497 823 3570 ὁμογενῶν,
847 3494 914 3554 οἷον
930 3500 1092 3556 διπλασίων
1112 3503 1169 3571 μέν
1187 3497 1318 3577 ἀπείρων
1334 3499 1428 3568 φύσει
1448 3497 1564 3567 ὄντων,

377 3593 409 3648 έν
432 3591 518 3648 δυάδι
543 3591 657 3660 μᾶλλον
686 3589 762 3664 πρός
785 3589 917 3656 μονάδα,
942 3585 1088 3659 ἡμιολίων
1120 3591 1151 3645 δέ
1173 3591 1205 3645 ἐν
1230 3590 1326 3667 τριάάι
1351 3589 1426 3665 πρὸς
1458 3589 1566 3646 όυάδα·

380 3677 455 3736 ῶστε
472 3678 491 3751 ἦ
509 3680 563 3749 τῆς
589 3675 782 3746 δικαιοσύνης
800 3672 902 3732 ἔννοια
926 3681 977 3732 καί
999 3677 1092 3746 φύσις
1119 3678 1152 3734 έν
1176 3679 1275 3750 ίσείκις
1298 3677 1352 3750 ἴσῳ
1381 3679 1565 3748 δεικνυμένη

378 3767 509 3844 ἀριθμῷ,
527 3771 664 3824 τουτέστι
681 3767 714 3821 έν
732 3782 772 3837 τῳ
790 3765 994 3836 τετραγῶνων,
1013 3767 1045 3820 έν
1062 3764 1153 3842 ἀρτίῳ
1169 3769 1226 3836 μέν
1237 3763 1295 3824 ούκ
1313 3765 1412 3844 ὀρθῶς
1429 3767 1565 3837 δειχθείη

378 3853 417 3911 ἀν
433 3857 600 3928 μεσότητος
617 3853 810 3931 ἀμοιροῦντι,
834 3853 897 3910 ἀλλ’
914 3855 947 3910 έν
962 3855 1086 3930 περιττῷ
1106 3854 1245 3926 δηλονότι
1270 3858 1333 3910 καί
1352 3857 1422 3911 τῶν
1440 3872 1566 3932 περιτ·

380 3947 451 4003 τῶν
468 3946 505 4000 έν
523 3941 845 4016 πυθμενικωτάτῳ
863 3948 914 3998 καί
932 3939 1040 3998 οἱονεί
1054 3948 1200 4018 σπέρματι
1226 3945 1285 4000 τῶν
1309 3941 1425 4010 ἀλλων,
1456 3946 1510 4000 διὰ
1529 3945 1564 4000 τὸ

379 4035 619 4103 ἐπιστημονικόν
646 4029 720 4088 έν
700 4043 759 4106 αρα
782 4036 936 4108 πρωτίστῳ
958 4032 998 4104 τῷ
1023 4033 1054 4088 θ
1078 4026 1169 4101 οὖτος
1192 4033 1250 4109 γὰρ
1274 4037 1325 4088 καί
1348 4031 1409 4087 ἀπὸ
1437 4034 1561 4109 πρῶτου

378 4122 524 4208 περισσοῦ
548 4121 678 4195 ἀριθμοῦ
705 4123 761 4177 τοῦ
787 4141 805 4193 γ
828 4121 950 4192 πυθμην
977 4119 1161 4197 τετράγωνος
1184 4125 1378 4183 συνίσταται,
1410 4126 1477 4229 τρίς
1493 4127 1567 4199 τρία

380 4210 431 4278 ῶν,
451 4212 636 4287 πλευρισμού
653 4211 806 4281 μεσότητα
825 4210 941 4286 πρῶτον
966 4227 1091 4278 εχοντος
1116 4209 1305 4284 τετράγωνος
1329 4213 1380 4266 καί
1400 4208 1499 4280 αύτὸς
1516 4230 1567 4282 με·

380 4302 496 4374 σότητα
516 4300 632 4378 πρῶτος
650 4317 736 4367 εχσν.
757 4299 798 4356 Cf.
815 4299 847 4352 ll
868 4299 1171 4366 ει.υ.1ί.ιιΧ1111.
