3298 5232
640 1197 947 1342 Reipublicae
976 1224 1098 1313 liber
1127 1201 1333 1316 octavus.
1381 1191 1386 1199 ²

858 1610 1043 1678 Slicsso
1075 1612 1111 1674 1.

487 1807 596 1872 Octavi
617 1803 692 1870 libri
713 1801 805 1869 initio
827 1807 859 1870 in
881 1802 965 1869 bunc
988 1800 1117 1868 modum
1140 1805 1285 1870 Socrates
1305 1802 1472 1888 loquitur:
1500 1795 1582 1870 Εἶεν

400 1908 506 1977 ταῦτα
534 1917 595 1996 μὲν
622 1905 662 1989 δή
689 1903 915 1994 ὡμολόγηται,
946 1892 970 1972 ὦ
999 1902 1174 1983 Γλαύκων,
1209 1906 1248 2001 τῇ
1275 1902 1443 2001 μελλούσῃ
1476 1904 1583 1999 ἄκρως
1636 1983 1637 1986 ¹

401 2009 499 2079 οἰκεῖν
527 2007 621 2079 πόλει
649 2007 761 2089 κοινὰς
782 2017 842 2098 μὲν
863 2013 1034 2097 γυναῖκας,
1062 2006 1192 2087 κοινοὺς
1214 2011 1249 2076 ts
1271 2013 1394 2088 παῖδας
1417 2001 1512 2078 εἶναι
1534 2017 1582 2077 καὶ

401 2114 696 2195 scioccamente»,
719 2108 875 2191 ὡσαύτως
896 2116 930 2179 δὲ
953 2109 996 2178 τὰ
1012 2107 1253 2200 ἐπιτηδεύματα
1275 2110 1370 2180 κοινδι
1392 2115 1428 2179 ἐν
1450 2117 1582 2206 πολέμῳ

402 2242 435 2285 τε
457 2223 512 2285 καὶ
534 2213 661 2313 εἰρήνῃ,
687 2221 847 2302 βασιλέας
873 2219 907 2282 δὲ
937 2211 1044 2282 αὐτῶν
1071 2207 1254 2298 εἶναιτοὺς
1276 2219 1309 2284 ἐν
1331 2219 1532 2310 φιλοσοφίᾳ
1554 2243 1581 2283 τε

400 2326 456 2388 καὶ
478 2318 562 2408 πρὸς
584 2318 642 2388 τὸν
663 2316 805 2408 πόλεμον
827 2315 1003 2406 γεγονότας
1025 2315 1192 2408 ἀρίστους.
1231 2315 1488 2408 Ὣμολὸγηται,
1514 2321 1580 2413 ἕηη.

401 2424 526 2512 Repetit
559 2429 705 2491 Socrates
736 2429 797 2490 boc
825 2424 895 2490 loco
924 2426 1064 2490 breviter
1090 2443 1127 2488 ea
1149 2445 1229 2509 quae
1251 2425 1332 2490 dicta
1354 2430 1448 2489 erant
1473 2424 1580 2510 quinte

403 2536 492 2594 sexto
518 2529 715 2616 septimoque
744 2527 847 2605 libro,
890 2549 972 2613 quae
1007 2531 1048 2594 ad
1081 2527 1238 2610 civitatem
1269 2529 1376 2593 omnia
1406 2532 1580 2615 pertinent.

402 2637 481 2699 'l'um
507 2637 550 2697 ita
578 2633 698 2719 pergit:
736 2633 806 2699 Kal
833 2627 898 2717 μήν
926 2635 981 2697 καὶ
1009 2626 1086 2696 τάδε
1108 2625 1392 2720 ξυνεχωρήσαμεν,
1433 2625 1481 2710 ὡς
1505 2623 1581 2698 ὅταν

401 2731 441 2816 δή
470 2737 678 2802 καταστῶσιν
706 2737 738 2801 οἱ
763 2731 931 2825 ἄρχοντεςζ
964 2729 1099 2820 ἄγοντες
1127 2730 1206 2812 τούς
1236 2729 1446 2819 στρατιώτας
1467 2759 1581 2802 κατοι·

401 2840 529 2906 κιοῦσιν
546 2834 603 2917 ἐἰς
631 2833 773 2920 οἰκήσεις
801 2833 875 2916 οῖας
901 2837 1115 2924 προείπομεν,
1147 2838 1232 2904 ἴδιον
1258 2843 1319 2923 μὲν
1348 2832 1445 2904 οὐδὲν
1477 2834 1580 2906 οὐδενὶ
1636 2925 1637 2928 ¹

402 2935 554 3030 ἐχούσας,
583 2938 695 3020 κοινὰς
722 2942 757 3008 δὲ
779 2943 871 3008 πᾶσι.
901 2937 984 3032 πρὸς
1006 2942 1041 3007 δὲ
1064 2943 1137 3018 ταῖς
1158 2933 1330 3018 τοιαύταις
1351 2935 1507 3022 οἰκήσεσι
1529 2947 1581 3008 καὶ
1636 2953 1637 2974 ³

402 3041 463 3123 τὰς
485 3040 631 3127 κτήσεις,
658 3041 689 3111 εἰ
706 3039 931 3133 μνημονεύεις,
962 3038 1289 3132 διωμολογησάμεθά
1309 3069 1374 3112 που
1397 3035 1470 3112 οἷαι
1493 3045 1580 3112 ἔσον-
1636 3087 1637 3090 =

401 3172 458 3214 ται
480 3144 602 3226 αὐτοῖς.
642 3143 747 3214 Ἀλλὰ
767 3142 967 3233 μνημονεύω,
989 3147 1063 3239 ἔφη,
1087 3138 1139 3213 ὅτι
1159 3172 1196 3233 γε
1219 3141 1313 3213 οὐδὲν
1336 3142 1455 3214 οὐδένα
1481 3143 1579 3241 ᾠόμε-

401 3255 456 3318 θα
480 3254 545 3319 δεῖν
566 3238 772 3332 κεκτήσδαι,
802 3240 845 3317 ὧν
873 3251 931 3316 νῦν
959 3253 991 3316 οἱ
1020 3247 1132 3329 ἄλλοι,
1162 3241 1268 3339 δι’σιιερ
1295 3251 1331 3317 δὲ
1359 3245 1524 3333 ἀθλητάς
1551 3277 1579 3317 τε

402 3358 547 3442 πολέμου
576 3360 636 3448 καὶΙ
657 3349 811 3445 φύλακας
830 3350 961 3440 μισθὸν
982 3354 1040 3435 τής
1062 3353 1213 3446 φυλακῆς
1235 3355 1428 3442 δεχομένους
1450 3351 1501 3434 εἰς
1522 3358 1579 3422 ἐνι-
1636 3351 1637 3404 i

402 3456 505 3526 αυτὸν
528 3455 586 3540 τήν
607 3454 652 3536 εἰς
674 3458 780 3523 ταῦτα
803 3453 932 3548 τροφήν
952 3453 1044 3546 παρὰ
1065 3456 1129 3522 τῶν
1156 3452 1280 3536 ἄλλων,
1310 3451 1421 3524 αὐτῶν
1450 3483 1493 3525 τε
1519 3461 1580 3526 δεῖν
1636 3477 1637 3490 ’

403 3568 458 3629 καὶ
487 3562 545 3643 τής
573 3557 675 3642 δι’λλης
706 3556 830 3639 πόλεως
859 3561 1103 3646 ἐπιμελεῖσθαι.
1149 3554 1299 3649 Ὀρθῶς,
1336 3560 1435 3652 ἔφην,
1471 3564 1579 3648 λέγεις.
1636 3647 1637 3660 ἢ

401 3665 503 3731 Finita
528 3667 568 3730 de
592 3662 826 3750 magistratibus
850 3663 1072 3750 disputatione,
1098 3663 1295 3750 deductaque
1316 3662 1356 3729 acl
1377 3663 1517 3731 eundem
1538 3666 1579 3731 le
1636 3665 1637 3708 l

403 3769 649 3848 temeratione,
672 3787 736 3854 quc
764 3769 828 3831 iam
850 3774 940 3832 antea
965 3767 1046 3832 libro
1067 3770 1161 3832 tertio
1190 3790 1223 3852 p.
1248 3769 1322 3832 blb.
1347 3769 1392 3832 St.
1419 3777 1505 3835 extr.
1530 3769 1579 3835 de
1636 3783 1637 3786 ’

404 3874 497 3936 ducta
518 3870 638 3949 fuerat,
670 3870 715 3936 ibi
742 3870 826 3936 dieta
849 3873 882 3935 in
909 3873 1093 3936 memoriam
1118 3877 1263 3946 revocat,
1293 3876 1329 3936 ut
1352 3872 1511 3938 indicaret
1533 3895 1578 3937 ar-

405 3983 586 4061 gumentum
613 3973 714 4064 quinti
736 3975 817 4040 sexti
842 3974 1028 4062 septimique
1051 3973 1138 4051 libri,
1168 3995 1303 4060 quorum
1320 3976 1445 4060 singula
1467 3979 1577 4060 capita,

405 4082 445 4145 ad
473 4078 698 4164 rempublicam
719 4077 928 4165 pertinentia,
958 4085 1139 4164 percenset,
1175 4081 1307 4163 proprie
1337 4078 1371 4143 in
1395 4081 1485 4144 tertii
1510 4081 1579 4145 libri

405 4182 467 4248 line
490 4183 668 4247 addendum
690 4181 807 4257 fuisse,
843 4190 875 4246 et
901 4184 1135 4266 coniungendas
1160 4181 1205 4250 ita
1229 4183 1287 4249 bas
1312 4188 1417 4268 partes
1440 4181 1579 4268 disputa·

403 4288 510 4365 tionis,
535 4305 616 4374 quae
634 4283 775 4352 ciusdem
791 4291 939 4369 tanquam
958 4285 1100 4374 eorporis
1115 4293 1222 4372 partes
1242 4285 1316 4363 sint,
1344 4292 1376 4351 et
1394 4288 1579 4352 coniunctae
