3344 5234
506 873 598 1010 'De
629 914 784 1035 operis
809 914 948 1006 111515
980 921 1028 1006 51
1053 913 1368 1034 inscriptione.

857 1203 1054 1220 m

454 1447 489 1512 C.
512 1449 550 1511 E.
576 1446 633 1512 Ch.
659 1445 870 1524 Schneiderus
892 1447 932 1511 ed
957 1445 1082 1510 initium
1108 1443 1312 1532 Reipublicae
1337 1447 1417 1512 5555
1444 1449 1545 1512 edno-

366 1552 466 1617 tavit:
493 1551 763 1632 «Inscriptionem
784 1547 915 1616 fecimus
937 1552 1063 1634 qualem
1085 1558 1118 1614 51
1138 1552 1205 1636 ipse
1227 1549 1332 1615 155555
1354 1552 1497 1634 potuisse
1514 1557 1546 1616 et

366 1655 656 1739 antiquissimorum
688 1655 831 1718 codicum
860 1661 954 1740 etque
981 1655 1160 1718 Aristotelis
1189 1661 1221 1719 51
1248 1655 1460 1737 Theophrasti
1491 1675 1546 1718 55-

365 1760 492 1823 51551155
514 1778 534 1821 5
554 1758 666 1821 Proclo
689 1751 734 1834 εἰς
757 1751 815 1837 τὴν
835 1756 1015 1822 Πολιτείαν
1036 1779 1070 1840 p.
1095 1759 1168 1821 350.
1192 1759 1215 1822 1.
1240 1757 1271 1822 8.
1296 1778 1366 1842 sqq.
1390 1759 1443 1822 od.
1469 1760 1543 1822 Bes.

367 1863 461 1928 1535.
485 1862 611 1945 prodite
632 1861 852 1926 commendere
874 1862 1077 1936 videretur»,
1101 1868 1132 1926 et
1153 1862 1260 1943 paullo
1283 1862 1401 1924 serius:
1430 1861 1546 1940 «Quod

364 1967 399 2031 in
420 1966 580 2031 nonnullis
602 1966 764 2030 codicibus
786 1965 926 2029 additum
949 1959 1132 2053 5511155551
1156 1963 1285 2030 δικαίου
1310 1965 1342 2028 id
1367 1965 1449 2030 mihi
1475 1984 1549 2028 cum

363 2071 508 2154 Diogene
530 2068 656 2132 5555115
678 2069 714 2131 L.
738 2069 793 2132 111.
818 2071 871 2131 57.
910 2066 1075 2152 Thrasyllo
1096 2067 1213 2150 potius,
1236 2086 1330 2152 quem
1346 2089 1421 2130 cum
1438 2067 1550 2152 Olym-

364 2174 500 2257 piodoro
530 2178 698 2234 comment.
731 2172 764 2235 in
791 2171 893 2234 51515.
923 2191 956 2252 p.
987 2172 1040 2236 75.
1072 2173 1124 2234 ed.
1161 2171 1306 2239 Creuzer.
1329 2170 1390 2253 ipsi
1422 2171 1551 2234 Platoni

364 2276 570 2340 tribuendum
590 2273 753 2338 videtur.»
792 2276 874 2339 Vere
889 2281 994 2339 autem
1009 2275 1048 2338 de
1062 2275 1125 2338 hoc
1138 2275 1224 2337 omni
1239 2274 1366 2357 negotio
1384 2275 1552 2339 Schleier·

363 2379 531 2444 macheras
557 2378 692 2442 iudicat:
727 2375 945 2461 ‘oOhnstreitig
973 2376 1044 2441 sind
1074 2373 1134 2441 5115
1160 2375 1268 2441 551555
1290 2377 1404 2441 zweite
1427 2379 1554 2443 Ueber·

363 2480 528 2558 555511155,
552 2467 602 2546 (115
625 2478 692 2546 5155
713 2482 766 2546 551
786 2484 956 2546 mehreren
970 2482 1188 2564 platonischen
1205 2483 1411 2562 (1555555555
1424 2479 1551 2559 finden,

363 2607 427 2652 von
448 2592 555 2668 speter
575 2586 668 2649 Hand
690 2583 849 2650 vielleicht
870 2582 997 2670 zuiellig
1019 2587 1225 2660 5515155555,
1248 2585 1313 2648 und
1335 2581 1398 2648 fast
1422 2587 1554 2651 iiberell

364 2691 471 2754 haben
493 2690 538 2754 515
560 2690 612 2753 die
633 2687 846 2773 nachtbeilige
866 2689 1025 2772 Wirkung
1045 2689 1328 2773 hervorgehmcht,
1358 2688 1414 2752 die
1448 2691 1555 2754 Leser

366 2792 424 2858 551
450 2794 521 2857 5155
549 2795 700 2857 55555515
729 2793 814 2875 Spur
841 2813 879 2857 zu
909 2789 1044 2870 1115555,
1081 2794 1145 2855 und
1176 2810 1212 2856 55
1240 2810 1304 2856 von
1328 2791 1387 2854 (155
1411 2793 1554 2858 11551551

366 2899 422 2962 des
444 2897 658 2980 Philosophen
686 2898 751 2960 und
777 2898 836 2960 der
856 2896 1042 2980 Bedeutung
1064 2895 1120 2958 des
1141 2894 1278 2959 Werkes
1300 2894 1398 2958 theiis
1420 2897 1490 2960 viel
1514 2920 1555 2962 zu

365 3001 576 3064 heschrenkte
598 3000 691 3066 155115
713 3020 791 3084 ganz
812 2996 932 3063 1515555
953 2999 1125 3063 5155155155
1146 3020 1186 3061 zu
1207 2997 1457 3082 begiinstigenssn
1501 2997 1551 3064 Cf.

364 3103 482 3168 introd.
512 3105 546 3167 in
574 3105 751 3169 Phaedrum
777 3122 810 3190 p.
841 3105 894 3166 55.
938 3103 995 3165 1115
1024 3103 1179 3165 addantur
1206 3122 1288 3186 quae
1317 3101 1556 3170 Stalibaumius

363 3207 480 3276 introd.
498 3229 532 3294 p.
546 3209 634 3273 xlx.
649 3206 812 3273 verissime
824 3205 956 3270 monuit.
986 3203 1032 3270 cf.
1048 3206 1143 3270 etiem
1157 3207 1333 3270 Excursum
1345 3211 1553 3274 5551555511.
