3344 5234
865 379 1073 442 ..10-

385 538 495 602 audire
517 537 575 602 tihi
596 537 750 612 videaris,
775 559 833 602 nec
856 539 1027 622 quidquam
1049 539 1101 604 hic
1123 539 1241 604 serium
1264 540 1392 623 quaeri,
1416 543 1472 608 sed
1492 541 1555 608 lor·

384 643 463 706 tuito
486 661 648 704 sermones
670 643 753 705 ultro
776 643 918 725 citroque
934 644 1031 706 fluere
1047 645 1168 708 credas.
1214 645 1318 708 Facile
1335 646 1415 708 adeo
1430 647 1553 730 aliquis,

383 746 512 828 ignarus
534 745 608 808 artis
630 743 804 828 dialogicae
826 746 983 820 Platonis,
1007 746 1034 809 si
1056 745 1177 829 reliqua
1198 767 1262 810 non
1284 754 1415 830 spectet,
1442 750 1475 812 in
1497 749 1558 814 sol·

383 850 487 912 venda
508 845 565 910 hac
587 850 788 930 quaestione,
812 842 950 936 πότερον
965 845 1109 935 χαλεπὸν
1129 849 1188 914 τοῦ
1208 850 1283 932 (icoc
1304 875 1333 914 κ.
1354 875 1379 916 τ.
1397 853 1419 916 ἑ.
1443 853 1557 936 dialogi

383 949 478 1016 finem
501 953 638 1032 positum
661 973 730 1015 esse
752 953 938 1033 suspicetur.
986 952 1049 1016 Cur
1070 953 1166 1036 igitur
1187 973 1250 1016 non
1272 955 1305 1016 in
1328 975 1376 1028 ea,
1402 956 1518 1040 quippe
1540 976 1558 1018 a

385 1076 447 1139 qua
469 1055 587 1118 oriatur
608 1054 771 1139 dialogus,
804 1055 960 1120 sermonis
982 1054 1078 1120 finem
1100 1059 1315 1139 quaerendum
1339 1079 1408 1122 csse
1429 1066 1559 1140 putave-

384 1166 458 1221 runt
479 1160 688 1241 interpretes?
732 1160 826 1224 Haud
848 1161 964 1235 dubie,
988 1161 1062 1242 quia
1085 1161 1246 1242 graviores
1269 1160 1349 1226 aliae
1371 1170 1556 1245 sequnntur.

382 1263 536 1328 Viderunt
558 1265 640 1327 enim
664 1262 842 1338 Platonem,
874 1283 936 1346 quo
960 1265 1113 1328 sermonis
1135 1263 1273 1348 vulgaris
1293 1266 1558 1330 consuetudinem

383 1366 545 1440 retineret,
569 1368 682 1429 necin
705 1386 884 1431 sermonem
906 1368 1055 1442 irrueret,
1080 1369 1135 1430 sed
1158 1361 1334 1442 accederet,
1360 1387 1399 1432 ex
1423 1391 1458 1432 re
1476 1368 1560 1433 haud

384 1470 428 1532 ita
450 1470 621 1542 recondita,
645 1471 701 1533 sed
723 1467 814 1534 facile
838 1471 936 1534 cuivis
959 1472 1065 1545 obvia,
1090 1473 1245 1536 sermonis
1267 1472 1391 1536 initium
1415 1479 1560 1555 repetere

383 1574 544 1638 debuisse.
591 1574 684 1649 Quod
713 1575 752 1638 de
780 1577 841 1637 hoc
866 1576 937 1638 loco
959 1594 1070 1640 omnes
1093 1577 1201 1638 valere
1223 1575 1446 1650 consentiunt,
1477 1577 1560 1640 idem

383 1696 441 1740 nos
464 1679 503 1740 de
525 1677 594 1740 aliis
617 1679 722 1742 valere
744 1679 939 1744 docebimus.
969 1739 972 1746 .
1007 1709 1020 1716 ¹·
1280 1737 1283 1746 .

469 1781 626 1862 Cephalus
656 1802 754 1844 senex
781 1778 913 1845 festivus
940 1789 971 1844 et
999 1783 1158 1866 locuples,
1192 1783 1245 1865 qui
1269 1788 1465 1854 senectutem
1489 1781 1561 1845 satis

385 1887 551 1948 commode
572 1881 707 1958 serebat,
732 1887 906 1965 prudenter
927 1906 964 1948 ac
986 1903 1062 1950 vere
1085 1887 1257 1968 respondet
1279 1887 1317 1948 ad
1340 1905 1376 1948 ea
1400 1906 1484 1968 quae
1508 1886 1564 1948 So·

383 1995 484 2052 crates
515 2010 555 2052 ex
586 2006 624 2051 eo
652 1989 868 2070 quaesiverat,
911 1989 1185 2072 interrogatusque
1213 1989 1289 2071 quid
1321 1989 1396 2051 honi
1426 1989 1563 2052 maxime

383 2093 499 2156 divitiis
522 2111 555 2154 se
578 2098 780 2155 consecutum
802 2111 872 2154 esse
895 2092 1064 2165 existimet,
1087 2089 1210 2156 facilius
1233 2093 1293 2154 sibi
1308 2091 1346 2154 iis
1361 2085 1481 2155 factum
1497 2111 1563 2156 esse

383 2197 552 2279 respondet
573 2195 723 2258 iustitiam
738 2197 822 2284 ¹tucri
844 2203 870 2258 ct
891 2197 1002 2270 colere,
1027 2195 1062 2256 od
1076 2197 1251 2276 condensque
1266 2216 1389 2259 causum
1409 2197 1564 2268 meliorata

382 2321 413 2363 sc
444 2320 524 2380 spem
554 2299 659 2361 hahere
687 2299 721 2361 dc
752 2299 816 2361 cito
843 2308 911 2379 poet
945 2309 1069 2362 mortem
1099 2301 1221 2381 (muro,
1264 2320 1326 2382 qua
1359 2306 1564 2383 peccatorum

382 2423 506 2488 poenae
534 2403 648 2464 iniuste
676 2409 804 2484 agentes
828 2409 986 2465 maneant.
1032 2405 1109 2464 Tam
1132 2398 1205 2487 apta
1227 2409 1274 2465 est
1295 2389 1375 2466 huic
1390 2400 1464 2466 loco
1488 2405 1564 2466 haec

384 2508 467 2570 senis
490 2507 656 2580 sententia,
680 2513 716 2569 ut
738 2525 777 2568 ea
798 2507 878 2569 nihil
900 2507 985 2569 aliud
1001 2506 1193 2588 quaesivisse
1208 2507 1308 2570 videri
1322 2506 1423 2587 possit
1438 2513 1563 2580 auctor,

383 2610 572 2693 praesertim
600 2629 696 2692 quum
727 2610 831 2672 obiter
851 2615 978 2677 tautum
1001 2610 1210 2692 pronunciata
1232 2610 1289 2683 sit,
1320 2627 1377 2672 nec
1400 2610 1435 2671 in
1458 2610 1564 2674 statim

384 2714 590 2797 sequentihus
612 2732 716 2776 sermo
739 2713 779 2776 ad
802 2733 870 2778 eam
894 2715 1014 2776 redeat.
1062 2714 1124 2776 Sed
1148 2714 1258 2778 eadem
1281 2713 1360 2776 haec
1383 2714 1563 2787 sententia,

384 2837 446 2901 qna
475 2817 637 2880 introitum
667 2817 774 2896 operis
796 2817 907 2880 ornari
930 2818 1089 2890 videmus,
1122 2819 1181 2880 sub
1211 2813 1306 2882 finem
1327 2817 1486 2891 recurrit,
1522 2812 1564 2880 ci.

384 2919 439 2985 lih.
464 2921 505 2982 Χ.
530 2941 563 3002 p.
586 2922 668 2993 614,
697 2921 736 2983 Α.
760 2941 851 3003 sqq,
883 2927 919 2984 ut
946 2921 1008 2982 iarn
1035 2921 1085 2984 hic
1114 2921 1235 2985 semina
1264 2921 1370 3004 spargi
1398 2921 1566 2986 videamus
1608 2969 1612 2994 .

385 3044 495 3088 eorum
525 3043 605 3106 quae
635 3031 746 3104 postea
773 3025 935 3097 dicentur,
971 3031 1004 3088 et
1033 3026 1073 3088 ad
1100 3025 1188 3088 idem
1213 3025 1323 3088 redeat
1345 3043 1456 3088 sermo
1479 3025 1566 3089 unde

382 3125 543 3214 proiectus
565 3127 621 3202 sit,
651 3135 682 3192 et
705 3129 794 3210 quasi
817 3130 928 3190 orbem
950 3149 1042 3192 suum
1065 3129 1208 3212 absolvat
1229 3128 1344 3190 oratio.
1390 3129 1482 3194 Haeo
1508 3127 1568 3210 igi-

384 3242 445 3306 tur,
469 3233 543 3296 licet
565 3233 669 3296 obiter
682 3237 811 3294 tantum
832 3237 1102 3306 commemorata,
1127 3237 1233 3302 tamon
1254 3228 1383 3294 fortuita
1405 3251 1479 3297 esse
1501 3251 1567 3297 non

382 3344 526 3423 possunt,
548 3343 581 3400 et
602 3339 700 3419 ipsius
723 3338 807 3400 senis
828 3355 996 3422 personam
1020 3334 1098 3400 hanc
1114 3337 1155 3398 ob
1173 3355 1298 3400 causam
1313 3335 1480 3401 inductam
1495 3351 1567 3400 esse

382 3449 538 3524 putamus.

352 3545 355 3552 ’
469 3545 577 3617 Oritur
591 3545 704 3609 deinde
721 3544 862 3628 quaestio
879 3545 919 3606 de
935 3562 974 3606 eo
989 3543 1065 3626 quid
1080 3542 1198 3606 iustitia
1218 3543 1274 3606 sit:
1299 3541 1397 3607 τοῦτο
1420 3534 1452 3606 δ’
1471 3535 1567 3619 αὐτὸ,

383 3643 442 3727 τὴν
457 3643 677 3727 δικαιοσύνην,
692 3642 815 3734 πότερα
832 3641 890 3725 τὴν
903 3639 1070 3725 ἀλήθειαν
1086 3641 1169 3711 αὐτὸ
1185 3644 1334 3733 φήσομεν
1353 3634 1440 3710 εἶναι
1453 3640 1569 3722 ἁπλῶς

385 3741 473 3816 odra.
481 3755 535 3814 καὶ
553 3745 590 3813 τὸ
606 3745 813 3823 ἀποδιδόναι,
826 3745 867 3814 ἄν
883 3749 931 3824 τίς
945 3773 976 3814 τι
989 3743 1081 3836 παρά
1094 3772 1152 3821 tou
1170 3743 1256 3839 λάβῃ
1270 3772 1298 3812 κ’.
1314 3771 1342 3813 τ.
1357 3748 1381 3813 ἑ.
1404 3747 1569 3834 Cephalus

384 3860 489 3918 autem
515 3852 721 3918 Polemarcho
752 3873 930 3939 sermonem
959 3854 1099 3916 tradens·
1117 3855 1157 3918 ad
1184 3853 1421 3938 procurandum
1445 3851 1570 3919 sacrifi-

384 3960 469 4021 cium
501 3958 644 4020 discedit,
690 3959 738 4020 nd
770 3960 854 4020 hunc
881 3955 986 4020 locum
1009 3957 1118 4020 Cicero
1141 3957 1175 4020 in
1197 3956 1338 4040 epistolis
1360 3957 1400 4020 ad
1423 3957 1570 4022 Atticum

383 4063 437 4136 IV,
463 4063 518 4124 16:
546 4062 664 4137 «Quod
687 4062 720 4124 in
742 4062 780 4124 iis
802 4055 908 4134 libris,
933 4081 1013 4144 quos
1035 4061 1180 4135 laudavi,
1205 4060 1368 4125 desideras
1390 4080 1570 4142 personam

384 4165 572 4238 Scaevolae,
605 4185 670 4232 non
701 4186 770 4228 eam
798 4171 917 4230 temere
947 4163 1090 4237 demovi,
1127 4164 1183 4228 sed
1211 4161 1273 4228 ieci
1299 4163 1383 4230 idem
1415 4166 1508 4246 quod
1535 4165 1570 4230 in

382 4268 544 4357 Πολιτείᾳ
576 4269 655 4334 deus
683 4269 736 4334 ille
762 4274 871 4334 noster
898 4266 998 4334 Plato.
1044 4265 1148 4346 Quum
1170 4267 1204 4332 in
1224 4267 1391 4335 Piraeeum
1413 4267 1571 4337 Socrates
