3312 5238
873 401 1105 466 -120-

390 560 493 648 iisque
524 555 736 643 persuadeat,
765 557 918 625 iustitiam
950 562 985 624 in
1017 559 1141 626 civitate
1172 551 1248 625 ver'e
1281 577 1351 624 esse
1384 553 1568 644 quaesitam.

390 661 565 730 Prudentes
593 667 698 728 emen
713 679 770 728 'ne
797 667 856 728 hac
884 663 1012 750 quidem
1033 685 1071 729 re
1092 661 1223 741 iclellit3
1253 681 1332 726 nam·
1348 661 1452 726 inesse
1473 659 1570 726 etiam

390 768 464 835 huic
499 767 589 845 loco,
627 766 713 851 quod
741 788 801 850 per
830 789 864 832 se
897 767 1075 852 exspectari
1102 773 1242 850 poterat,
1274 769 1377 830 adhoc
1410 764 1570 852 apertiora

390 869 526 954 vestigia
557 874 596 934 ad
629 891 741 936 verum
771 874 933 946 ducentia,
965 871 1183 954 probabimus.
1225 868 1330 935 Habet
1356 875 1461 934 eutem
1492 871 1572 932 hacc

390 974 527 1050 iustitiae
549 971 689 1040 definitio
711 993 785 1039 sene
801 975 899 1040 multa
921 994 1001 1060 quae
1023 993 1137 1060 capere
1159 973 1330 1060 legentium
1352 973 1476 1037 animos
1497 991 1573 1055 pos-

392 1081 463 1147 sint.
506 1081 586 1142 Nam
607 1079 634 1142 si
655 1080 872 1164 unusquisque
894 1080 981 1155 civis,
1003 1077 1220 1163 unusquisque
1233 1077 1347 1141 civium
1362 1076 1454 1152 ordo,
1478 1095 1573 1140 suum

391 1183 554 1265 negotium
575 1186 661 1246 recte
683 1178 772 1256 lacit,
802 1180 960 1246 civitatem
990 1185 1147 1268 quandam
1177 1180 1228 1246 dci
1249 1181 1281 1245 in
1303 1179 1362 1245 hac
1383 1187 1470 1245 terra
1492 1179 1574 1244 oriri

391 1303 520 1350 necesse
548 1291 605 1350 est.
650 1283 712 1348 Sed
740 1287 815 1368 quid
838 1291 885 1349 est
907 1280 945 1349 τὸ
968 1281 1010 1350 τὰ
1028 1279 1135 1351 αὑτοῦ
1155 1279 1332 1375 crederetui
1376 1286 1412 1349 Id
1434 1283 1575 1366 explice-

393 1397 461 1454 tum
482 1409 547 1453 non
569 1407 637 1453 esse
658 1388 837 1472 intelligens
858 1389 973 1466 lector,
997 1409 1031 1454 se
1053 1389 1174 1454 elusum
1197 1389 1318 1453 sentiet.
1362 1389 1407 1452 Ae
1429 1401 1576 1452 neccssa-

392 1492 478 1558 rium
499 1492 643 1575 prolecto
666 1511 730 1557 nou
751 1488 810 1555 fuit
831 1489 946 1557 docere
968 1492 1135 1568 iustitiam,
1165 1511 1191 1557 s.
1216 1488 1254 1556 τὸ
1278 1487 1319 1556 τὰ
1342 1485 1446 1556 αὑτοῦ
1467 1485 1575 1578 πράτ-

393 1618 462 1662 τειν
489 1594 660 1660 virtutibus
690 1599 961 1662 annumerandum
982 1595 1100 1671 videri,
1130 1598 1157 1660 si
1179 1594 1315 1660 iustitiae
1335 1594 1384 1659 vis
1407 1602 1439 1659 et
1459 1603 1575 1659 natura

395 1697 545 1764 exiente
567 1719 636 1775 suo,
659 1701 713 1784 qui
735 1707 783 1763 cst
804 1702 837 1763 in
852 1701 969 1776 animo,
992 1699 1125 1785 repetita
1140 1706 1233 1774 esset,
1259 1701 1575 1784 demonstratumque

394 1810 529 1890 quietum
556 1805 614 1868 has
641 1805 773 1868 virtutes
803 1803 933 1890 explere
962 1824 1088 1868 omnem
1118 1804 1244 1868 virtutis
1266 1799 1428 1866 ambitum.
1475 1804 1575 1866 Recte

359 1975 361 1980 ,
395 1909 494 1992 igitur
524 1904 623 1972 sensit
652 1905 976 1983 Schlciermaeherus,
1005 1913 1128 1992 quanto
1152 1907 1288 1971 maiores
1308 1905 1361 1970 hic
1381 1903 1457 1969 liant
1479 1925 1577 1992 appa·

391 2005 497 2084 ratus,
527 2009 677 2075 tollantur
706 2009 860 2075 clamores
882 2012 971 2096 quasi
992 2013 1120 2075 invento
1143 2012 1243 2084 Osiri,
1271 2017 1357 2075 tanto
1379 2008 1484 2074 minus
1506 2012 1576 2074 veri

393 2113 476 2179 lucri
497 2110 627 2177 subesse
649 2114 707 2189 iis,
732 2133 814 2200 quae
835 2113 992 2196 reperisse
1015 2135 1049 2179 se
1071 2113 1196 2178 simulat
1218 2117 1380 2189 Socrates,
1404 2119 1436 2178 et
1457 2115 1576 2179 obscu-

392 2215 461 2282 rari
484 2217 534 2280 his
555 2219 603 2279 rei
624 2213 769 2280 inventae
791 2215 983 2281 tenuitatem.
1027 2219 1063 2282 ld
1093 2217 1195 2305 ipsum
1217 2239 1294 2283 vero
1318 2216 1486 2282 artificium
1511 2216 1578 2280 die-

393 2317 459 2404 logi
494 2316 704 2384 desiderabat.
741 2311 821 2397 ¹Quo
854 2322 936 2386 enim
969 2321 1040 2388 loco
1057 2320 1160 2386 draus
1192 2325 1288 2387 totius
1321 2322 1435 2407 Operis
1471 2319 1577 2406 detegi

393 2421 541 2488 facillime
569 2431 756 2510 poterat-
778 2445 872 2511 quem
899 2428 982 2490 huuc
1011 2445 1097 2502 esse,
1134 2446 1197 2511 quo
1226 2423 1371 2500 tandem,
1404 2432 1577 2510 postquam

396 2529 450 2593 diu
473 2525 636 2592 frustravit
656 2526 803 2604 lectores,
827 2527 859 2616 in
881 2527 1018 2602 civitate,
1039 2521 1093 2594 ub'i
1116 2549 1192 2594 vere
1213 2527 1349 2594 inveniri
1371 2549 1434 2593 nou
1456 2536 1574 2615 potest,

397 2629 566 2696 ostendere·
592 2629 741 2696 iustitiam
771 2632 910 2716 cogitur,
940 2636 1010 2718 quis
1032 2633 1178 2718 ignorati
1201 2667 1243 2683 -
1264 2652 1312 2697 eo¹
1326 2631 1456 2697 maximi
1479 2653 1577 2718 appa·

395 2742 483 2800 ratus
511 2753 591 2820 opus
621 2743 709 2798 crant
736 2734 776 2800 ad
805 2736 911 2802 dolum
934 2737 1210 2814 dissimulandum,
1245 2735 1485 2820 cavendumque
1508 2742 1578 2800 erat

394 2857 514 2902 summa
537 2835 676 2902 adhibita
698 2858 772 2903 cura
794 2846 827 2904 et
848 2850 915 2905 arte
938 2861 978 2906 ne
1002 2840 1116 2928 Operis
1139 2861 1253 2927 corpus
1269 2847 1301 2904 ct
1315 2838 1484 2904 artificiosa
1500 2859 1576 2904 con-

394 2940 525 3006 structio
557 2939 591 3009 in
622 2943 699 3005 duas
731 2941 831 3007 moles
864 2944 945 3009 male
978 2944 1145 3010 concinnas
1174 2945 1378 3012 dilaberetur.
1426 2945 1573 3010 Socrates

393 3047 492 3131 igitur
518 3047 572 3129 qui
602 3044 699 3109 semel
722 3047 930 3112 simulavissct
952 3069 985 3113 se
1007 3049 1155 3113 iustitiam
1177 3047 1211 3112 in
1232 3046 1281 3113 his
1303 3069 1478 3133 quaerere,
1512 3069 1576 3114 non

394 3149 532 3222 abiicere
558 3168 727 3232 persenam
759 3150 894 3216 debebat
915 3160 946 3217 et
967 3151 1137 3218 defendere
1165 3159 1270 3238 partes
1292 3161 1451 3238 susceptas
1473 3171 1576 3238 usque

395 3257 435 3320 ad
456 3261 645 3319 extremum.
686 3257 757 3320 Non
787 3275 929 3341 pugnero
959 3262 1064 3321 temen
1093 3261 1169 3321 haec
1198 3276 1269 3321 cum
1299 3256 1338 3321 iis
1365 3275 1445 3342 quae
1477 3277 1576 3340 supra
1639 3307 1640 3320 .

394 3357 568 3445 posuimus,
591 3360 720 3423 coluisse
744 3362 898 3424 Platonem
916 3363 964 3424 leis
986 3357 1234 3443 apparatibus'in
1256 3363 1334 3424 tuac
1353 3363 1452 3443 ipsum
1478 3363 1576 3424 locum

395 3466 539 3528 leetemm
563 3465 658 3527 aetem
680 3465 826 3546 diripere,
854 3466 964 3529 doceat
987 3463 1308 3529 Schlciermachcrus:
1343 3465 1425 3526 «Die
1453 3463 1575 3546 cigent-

394 3565 476 3632 liche
498 3569 736 3653 Untcrsuchung
756 3567 836 3632 wird
859 3571 914 3632 mit
936 3569 1026 3633 einer
1048 3571 1177 3642 andern,
1200 3567 1287 3631 nicht
1309 3567 1369 3634 wie
1391 3567 1449 3632 mit
1471 3567 1573 3632 eincm

396 3671 546 3749 Schleier,
571 3674 715 3736 sordere*
730 3670 790 3736 wic
809 3674 867 3737 mit
881 3671 970 3738 einer
984 3675 1251 3758 angewechsenen
1266 3673 1350 3736 Haut
1363 3670 1575 3750 iiberleleidct

394 3774 514 3841 welche
537 3773 610 3840 dem
631 3775 952 3852 Unaufmerlsamen,
975 3780 1052 3841 eber
1073 3779 1153 3840 auch
1174 3799 1234 3840 nur
1255 3774 1390 3850 diesem,
1413 3773 1574 3861 desjenige

395 3881 557 3954 verdeekt,
583 3899 647 3946 was
671 3878 838 3963 cigentlieh
861 3879 920 3945 soll
941 3879 1128 3946 heobechtct
1150 3877 1229 3944 oder
1250 3880 1571 3963 gesunden'werdem

399 3971 471 4048 dem
501 3971 763 4049 dulmerlrsamcn
794 3981 872 4049 aber
900 4006 959 4050 nur
988 3987 1069 4048 noch
1097 3982 1158 4048 den
1190 3983 1267 4047 Sion
1295 3981 1350 4047 fiir
1378 3981 1439 4047 den
1462 3985 1574 4048 innern

396 4073 671 4172 zusammeuhang
692 4090 810 4154 sehero
831 4092 896 4153 und
917 4088 1064 4154 ldutcrt.»
1113 4086 1160 4150 Cf.
1189 4085 1305 4152 introd.
1333 4085 1366 4150 in
1395 4085 1472 4152 Plat.
1497 4107 1570 4173 opp.

393 4214 426 4276 p.
450 4193 501 4256 20.
545 4193 623 4254 Nam
646 4189 721 4276 quid
745 4191 804 4256 sibi
825 4192 907 4256 velle
936 4200 1082 4276 putemus
1110 4191 1185 4257 talia
1217 4205 1273 4255 «se
1301 4192 1412 4254 hebetes
1436 4194 1571 4273 fuissem

398 4297 577 4361 «lentitiam
609 4295 723 4359 dedum
754 4297 792 4360 ed
820 4297 909 4360 initio
940 4305 1008 4361 ante
1041 4298 1177 4380 ipserum
1201 4295 1291 4378 pedes
1318 4303 1469 4360 versatam
1498 4315 1570 4368 sese,
1636 4331 1637 4423 p
