3312 5238
871 357 1104 435 ε-1θ6ῃ

390 533 457 600 tem
477 526 540 596 lato
562 527 757 611 dimipctan,
780 527 951 597 mammem
973 547 1055 604 esse,
1078 529 1123 596 oh
1143 533 1422 612 eamque'rmrsdm
1435 521 1471 590 id
1484 527 1571 610 quod

391 630 528 716 simplex
554 631 624 706 sit,
646 651 834 715 semperque
855 633 941 700 idam
963 639 1057 716 atque
1077 627 1456 706 internam-minimum
1485 635 1572 694 recte

390 733 533 806 uideri»
577 733 666 800 Pluto
700 736 886 817 sapientiam
914 733 992 800 dicit
1022 753 1091 800 esse
1118 732 1316 822 scientiam..
1339 753 1399 814 pua
1424 751 1491 798 oca
1518 733 1573 796 ori

391 839 511 909 mmai
536 839 584 904 rei
607 840 642 904 io
662 839 793 913 ciuitate,
819 836 869 902 seri
887 839 1046 902 uniuersae
1065 839 1184 903 cimas
1202 838 1387 911 commem,
1412 855 1470 919 pato
1484 836 1573 901 modo

390 944 459 1026 ipsa
483 961 583 1006 secam
604 950 632 1005 et
656 961 724 1006 cam
749 942 820 1006 otiis
842 941 1013 1006 civitatibus
1037 941 1146 1022 optime
1172 949 1317 1010 veretur·
1374 940 1444 1015 Qua
1466 945 1574 1004 autem

393 1043 454 1112 alia
475 1046 597 1110 ratione
619 1044 752 1112 civitatis
772 1042 959 1127 sapientiam
981 1041 1112 1108 delinire
1136 1044 1206 1130 quis
1228 1043 1351 1130 possiti
1387 1045 1454 1106 Nee
1484 1039 1575 1108 vide·

391 1168 474 1224 mus,
497 1149 552 1232 qni
574 1167 611 1215 ca
633 1169 685 1213 res
706 1145 746 1212 ad
767 1145 964 1230 singulorum
986 1145 1121 1223 animos,
1145 1145 1229 1230 qnod
1244 1146 1416 1212 indicatum
1432 1165 1500 1210 non
1514 1152 1573 1215 est.

391 1249 475 1317 trahi
496 1258 552 1316 ant
571 1252 672 1334 possit
693 1259 747 1316 aut
767 1254 893 1320 debeat.
935 1251 1003 1315 Imo
1029 1249 1086 1314 hac
1105 1249 1280 1333 sapientiae
1295 1246 1478 1319 delinitione
1493 1247 1577 1333 poli-

391 1357 487 1421 ticum
503 1361 622 1420 tantum
637 1353 836 1438 sapientiam,
857 1376 884 1418 s.
901 1353 1099 1439 prudentiam
1114 1352 1252 1428 civilem,
1269 1352 1496 1437 comprehendi
1512 1357 1577 1416 sta-

393 1461 558 1536 tuendum,
581 1460 695 1524 eodem
716 1460 827 1533 modo,
851 1477 914 1541 quo
936 1474 1013 1523 mox
1035 1455 1159 1525 civilem
1181 1454 1399 1522 fortitudinem
1414 1456 1577 1538 reperisse

392 1583 427 1628 se
449 1560 534 1629 dicit.
569 1563 679 1626 Insunt
700 1560 730 1630 ei
751 1561 879 1648 quidem
899 1581 995 1626 verae
1017 1557 1208 1632 delinitionis
1235 1560 1327 1646 quasi
1353 1560 1494 1633 semina,
1520 1555 1578 1622 sed

393 1667 534 1736 involute
555 1663 690 1743 necdum
713 1663 876 1750 explicata.
917 1667 996 1728 Nam
1011 1661 1089 1748 qnid
1101 1659 1207 1730 verbis
1223 1653 1337 1730 ὅντινα
1351 1652 1476 1750 τρόπον
1491 1655 1577 1739 αὐτή

394 1794 427 1838 τε
442 1766 525 1858 πρὸς
546 1763 650 1849 αὐτὴν
671 1772 727 1834 καὶ
748 1763 832 1856 πρὸς
852 1763 913 1845 τὰς
927 1763 1031 1844 ἄλλοις
1045 1761 1157 1844 πόλεις
1172 1761 1294 1851 ἄριστα
1312 1758 1427 1850 ὁμιλοῐ
1435 1766 1578 1832 innuerit

393 1875 494 1949 Plato,
518 1870 661 1960 profecto
682 1878 749 1936 tum
770 1870 898 1938 demum
912 1875 1045 1966 ‘penitus
1061 1871 1248 1956 perspicies,
1269 1870 1298 1935 si
1312 1870 1380 1936 eius
1393 1869 1575 1934 doctrinam

265 2021 271 2042 ,
392 1981 433 2044 de
454 1979 527 2042 idea
547 1974 641 2051 honi,
671 1996 766 2060 quam
787 1974 942 2042 intuentes
963 1975 996 2046 in
1019 1993 1123 2058 eaque
1143 1970 1241 2040 delixi
1261 1969 1442 2055 philosophi
1465 1972 1579 2036 civita·

393 2086 457 2146 tem
484 2099 549 2144 non
578 2081 717 2147 condere
747 2077 866 2150 solum,
896 2080 953 2143 sed
982 2078 1083 2144 ctiam
1103 2095 1218 2160 regere
1248 2072 1386 2150 debent,
1417 2077 1579 2160 cognitam

393 2181 523 2253 habeas.
568 2184 640 2246 Non
661 2179 726 2265 agit
746 2179 842 2266 igitur
863 2179 952 2255 Plato
966 2183 1006 2248 de
1020 2182 1150 2246 civitate
1161 2179 1293 2262 eiusque
1307 2176 1459 2247 institutis
1481 2175 1580 2242 animi

392 2287 514 2370 gratia,
550 2286 595 2350 ita
614 2291 659 2377 ut
685 2303 766 2369 qnae
793 2283 833 2352 de
862 2285 988 2376 civitate
1010 2283 1155 2358 dicantur.
1175 2285 1215 2351 ad
1234 2281 1454 2357 illustrandam
1478 2279 1579 2346 animi

394 2389 550 2464 rationem
579 2387 780 2473 pertineant,
815 2392 875 2455 sed
905 2394 1016 2454 contra
1048 2387 1154 2454 omnia
1187 2405 1226 2450 ea
1260 2405 1341 2472 quoe
1375 2386 1416 2448 de
1447 2383 1577 2451 civitate

393 2493 548 2576 disputat
564 2515 609 2560 er
636 2492 743 2558 enimi,
760 2499 873 2564 natura
901 2500 932 2558 et
960 2491 1128 2573 virentibus
1156 2489 1260 2574 repeti
1285 2491 1441 2556 videmus.
1488 2489 1581 2552 Hanc

394 2605 501 2668 tamen
532 2595 694 2663 scientiam
723 2594 857 2661 civitatis
887 2601 919 2663 et
955 2596 1192 2663 constituendae
1219 2601 1252 2660 et
1280 2594 1440 2676 regendae
1467 2590 1579 2677 paucis

395 2698 614 2768 tantummodo
643 2701 747 2766 inesse
775 2717 883 2785 posse,
919 2717 984 2764 non
1011 2705 1076 2764 tum
1104 2719 1144 2762 ex
1174 2695 1440 2778 cointelligitur,
1469 2697 1578 2780 quod,

393 2825 479 2888 quae
508 2810 556 2868 est
578 2801 858 2871 Schleiermacheri
887 2802 1063 2876 sententia,
1097 2799 1179 2866 ratio
1208 2820 1271 2866 uos
1299 2797 1354 2872 sit,
1389 2797 1579 2883 cupiditates

396 2909 529 2984 multae,
557 2907 618 2972 sed
641 2909 726 2990 quod
748 2907 921 2972 rarissime
931 2906 1069 2994 inveniri
1089 2905 1234 2970 homines
1255 2899 1337 2968 inira
1359 2906 1453 2966 docet
1476 2900 1581 2986 philo·

393 3009 526 3096 sophus,
549 3008 589 3074 iis
610 3006 780 3075 virtutihus
802 3009 898 3075 animi
912 3015 944 3072 et
958 3006 1079 3092 ingenii
1093 3006 1266 3091 praeditos,
1279 3007 1398 3090 ,itaque
1420 3003 1577 3081 excultos,

396 3123 432 3188 nt
457 3118 497 3180 ad
526 3134 597 3178 eam
624 3115 786 3182 scientiam
814 3113 955 3198 aspirare
975 3110 1108 3197 possint.
1153 3114 1230 3186 Nam
1252 3110 1352 3174 sires
1373 3109 1418 3174 ita
1435 3115 1525 3184 ‚esset
1547 3115 1581 3171 ut

398 3218 706 3288 Schleiermacherns
729 3217 873 3290 affirmet,
895 3216 992 3280 etiam
1012 3216 1160 3284 custodes
1180 3229 1359 3308 perpaucos
1374 3231 1444 3276 asso
1459 3213 1580 3277 dehere
1643 3247 1644 3278 t

397 3329 603 3406 sequeretur,
627 3321 788 3405 quomam
819 3315 933 3404 θυμὸς
959 3316 1000 3384 sit
1025 3336 1118 3383 unus.
1165 3319 1254 3385 Patet
1275 3315 1374 3400 igitur
1394 3319 1472 3380 haec
1496 3313 1581 3380 elicta
1643 3361 1644 3368 κ

399 3445 468 3492 esse
496 3423 629 3491 civitatis
658 3424 866 3509 potissimum¹
890 3421 999 3486 habita
1029 3419 1165 3486 ratione.
1221 3422 1259 3484 In
1282 3439 1326 3484 eo
1356 3419 1460 3494 anim,
1493 3421 1580 3503 qnod

394 3530 531 3596 civitatis
559 3525 720 3611 regundae
747 3524 878 3592 scientia
906 3523 1014 3610 paucis
1040 3530 1160 3590 tantum
1188 3521 1399 3599 insit,1omni
1426 3528 1576 3604 tempore

394 3651 510 3696 omnes
532 3630 618 3714 docti
639 3631 816 3696 concordes
834 3627 974 3704 luerunt,
998 3643 1065 3703 ner,
1088 3628 1254 3692 ceritatem
1275 3624 1368 3696 huius
1383 3623 1492 3710 placiti
1507 3646 1579 3691 cnm

396 3755 544 3802 successu
572 3731 752 3817 impugnari
778 3751 872 3814 posse
893 3731 971 3796 mihi
991 3730 1215 3817 persuaserim.
1261 3730 1329 3792 Ima
1352 3729 1488 3792 remita
1511 3749 1579 3794 esse

395 3837 499 3904 resulto
520 3836 645 3904 facilius
666 3823 871 3918 intelligitur,¹
888 3853 983 3919 quam
1004 3835 1031 3898 si
1053 3831 1362 3899 condennationem
1384 3833 1424 3894 ad
1439 3832 1579 3899 animum

399 3939 582 4009 transieras.
624 3943 703 4005 Nam
733 3937 1039 4008 Schleiermacherus
1066 3938 1136 4020 ipse
1164 3934 1280 4000 mirum
1309 3932 1342 4000 id
1370 3931 1442 4000 loro
1470 3934 1580 4000 auditu

398 4047 453 4119 ait,
475 4047 503 4110 si
525 4043 595 4128 quis
619 4043 774 4108 rationem
790 4039 952 4106 minimam
966 4059 1036 4106 esse
1049 4039 1146 4106 animi
1160 4046 1284 4123 partem
1299 4035 1446 4105 affirmet.
1485 4039 1579 4104 Cuius

397 4157 507 4219 tamen
532 4151 582 4220 rei
610 4145 662 4212 hic
690 4145 776 4210 nulla
802 4145 939 4221 menti03
975 4145 1061 4229 qnod
1088 4150 1176 4208 tanto
1203 4142 1305 4224 magis
1333 4145 1578 4224 exspectandum

399 4258 502 4330 esset,
535 4269 599 4340 qno
621 4247 747 4336 saepius
770 4249 839 4335 ipse
860 4245 1044 4333 profitetur,
1080 4245 1218 4322 institiae
1239 4245 1458 4318 inveniendae
1488 4264 1578 4324 censa
1643 4319 1644 4328 χ

1643 4355 1644 4398 ,
