<?xml version="1.0" encoding="UTF-8"?>
<!DOCTYPE html PUBLIC "-//W3C//DTD XHTML 1.0 Transitional//EN"
    "http://www.w3.org/TR/xhtml1/DTD/xhtml1-transitional.dtd">
<html xmlns="http://www.w3.org/1999/xhtml" xml:lang="en" lang="en">
 <head>
  <title>
</title>
<meta http-equiv="Content-Type" content="text/html;charset=utf-8" />
  <meta name='ocr-system' content='tesseract 3.04.00' />
  <meta name='ocr-capabilities' content='ocr_page ocr_carea ocr_par ocr_line ocrx_word'/>
</head>
<body>
  <div class='ocr_page' id='page_1' title='image "./prolegomenaadpl00rettgoog_0203.png"; bbox 0 0 3298 5232; ppageno 0'>
   <div class='ocr_carea' id='block_1_1' title="bbox 875 365 1103 434">
    <p class='ocr_par' dir='ltr' id='par_1_1' title="bbox 875 365 1103 434">
     <span class='ocr_line' id='line_1_1' title="bbox 875 365 1103 434; baseline 0.009 -16"><span class='ocrx_word' id='word_1_1' title='bbox 875 365 1103 434; x_wconf 67' lang='grc' dir='ltr'>..ιορ-</span> 
     </span>
    </p>
   </div>
   <div class='ocr_carea' id='block_1_2' title="bbox 401 509 1579 620">
    <p class='ocr_par' dir='ltr' id='par_1_2' title="bbox 401 509 1579 620">
     <span class='ocr_line' id='line_1_2' title="bbox 401 509 1579 620; baseline -0.008 -24"><span class='ocrx_word' id='word_1_2' title='bbox 401 518 469 596; x_wconf 68' lang='lat' dir='ltr'>rdr’</span> <span class='ocrx_word' id='word_1_3' title='bbox 494 523 671 620; x_wconf 70' lang='grc' dir='ltr'><strong><em>ἐπῃνοῦμεν</em></strong></span> <span class='ocrx_word' id='word_1_4' title='bbox 691 519 774 615; x_wconf 82' lang='grc' dir='ltr'><strong><em>πρὸς</em></strong></span> <span class='ocrx_word' id='word_1_5' title='bbox 795 519 926 606; x_wconf 78' lang='grc' dir='ltr'><strong><em>αὐτοῦς,</em></strong></span> <span class='ocrx_word' id='word_1_6' title='bbox 949 519 988 594; x_wconf 80' lang='grc' dir='ltr'>δι’</span> <span class='ocrx_word' id='word_1_7' title='bbox 1011 517 1051 592; x_wconf 80' lang='grc' dir='ltr'>ῦν</span> <span class='ocrx_word' id='word_1_8' title='bbox 1072 525 1187 590; x_wconf 78' lang='grc' dir='ltr'><strong><em>ἐκεῖνοι</em></strong></span> <span class='ocrx_word' id='word_1_9' title='bbox 1204 517 1432 610; x_wconf 70' lang='grc' dir='ltr'><strong><em>ἐχαλέπαινον,</em></strong></span> <span class='ocrx_word' id='word_1_10' title='bbox 1455 509 1509 588; x_wconf 78' lang='grc' dir='ltr'>ὅτι</span> <span class='ocrx_word' id='word_1_11' title='bbox 1523 515 1579 598; x_wconf 84' lang='grc' dir='ltr'>τὰς</span> 
     </span>
    </p>
   </div>
   <div class='ocr_carea' id='block_1_3' title="bbox 401 619 1583 2164">
    <p class='ocr_par' dir='ltr' id='par_1_3' title="bbox 401 619 1583 2164">
     <span class='ocr_line' id='line_1_3' title="bbox 402 619 1580 721; baseline -0.005 -25"><span class='ocrx_word' id='word_1_12' title='bbox 402 623 515 705; x_wconf 76' lang='grc' dir='ltr'><strong><em>πόλεις</em></strong></span> <span class='ocrx_word' id='word_1_13' title='bbox 541 623 631 721; x_wconf 74' lang='grc' dir='ltr'>αὐτῷ</span> <span class='ocrx_word' id='word_1_14' title='bbox 659 628 891 716; x_wconf 77' lang='grc' dir='ltr'><strong><em>παρεδίδομεν,</em></strong></span> <span class='ocrx_word' id='word_1_15' title='bbox 918 629 975 696; x_wconf 76' lang='grc' dir='ltr'>καί</span> <span class='ocrx_word' id='word_1_16' title='bbox 1003 653 1034 698; x_wconf 92' lang='grc' dir='ltr'>τι</span> <span class='ocrx_word' id='word_1_17' title='bbox 1061 628 1189 715; x_wconf 78' lang='grc' dir='ltr'><strong><em>μᾶλλον</em></strong></span> <span class='ocrx_word' id='word_1_18' title='bbox 1218 621 1302 696; x_wconf 84' lang='grc' dir='ltr'><strong><em>αὐτὸ</em></strong></span> <span class='ocrx_word' id='word_1_19' title='bbox 1326 625 1384 694; x_wconf 86' lang='grc' dir='ltr'>νῦν</span> <span class='ocrx_word' id='word_1_20' title='bbox 1406 619 1580 702; x_wconf 78' lang='grc' dir='ltr'><strong><em>ἀκούοντες</em></strong></span> 
     </span>
     <span class='ocr_line' id='line_1_4' title="bbox 401 718 1581 822; baseline -0.005 -22"><span class='ocrx_word' id='word_1_21' title='bbox 401 726 625 820; x_wconf 63' lang='lat' dir='ltr'>morilucrum,-</span> <span class='ocrx_word' id='word_1_22' title='bbox 651 733 717 800; x_wconf 82' lang='grc' dir='ltr'>Καὶ</span> <span class='ocrx_word' id='word_1_23' title='bbox 739 727 822 801; x_wconf 83' lang='grc' dir='ltr'><strong><em>πολύ</em></strong></span> <span class='ocrx_word' id='word_1_24' title='bbox 844 757 891 816; x_wconf 76' lang='grc' dir='ltr'>με,</span> <span class='ocrx_word' id='word_1_25' title='bbox 918 718 938 812; x_wconf 83' lang='grc' dir='ltr'><strong><em>ἦ</em></strong></span> <span class='ocrx_word' id='word_1_26' title='bbox 961 726 993 798; x_wconf 67' lang='lat' dir='ltr'>d⁶</span> <span class='ocrx_word' id='word_1_27' title='bbox 1018 725 1074 811; x_wconf 77' lang='grc' dir='ltr'>ὃς,</span> <span class='ocrx_word' id='word_1_28' title='bbox 1106 725 1137 798; x_wconf 79' lang='grc' dir='ltr'>εἰ</span> <span class='ocrx_word' id='word_1_29' title='bbox 1155 729 1377 822; x_wconf 71' lang='grc' dir='ltr'><strong><em>σωφρονοῦσι.</em></strong></span> <span class='ocrx_word' id='word_1_30' title='bbox 1421 728 1581 812; x_wconf 77' lang='lat' dir='ltr'>Expositis</span> 
     </span>
     <span class='ocr_line' id='line_1_5' title="bbox 401 818 1582 920; baseline -0.004 -18"><span class='ocrx_word' id='word_1_31' title='bbox 401 833 516 903; x_wconf 84' lang='lat' dir='ltr'>deinde</span> <span class='ocrx_word' id='word_1_32' title='bbox 538 833 714 908; x_wconf 87' lang='lat' dir='ltr'>rationibus</span> <span class='ocrx_word' id='word_1_33' title='bbox 735 855 793 904; x_wconf 88' lang='lat' dir='ltr'>cur</span> <span class='ocrx_word' id='word_1_34' title='bbox 813 837 847 901; x_wconf 96' lang='lat' dir='ltr'>id</span> <span class='ocrx_word' id='word_1_35' title='bbox 868 837 913 902; x_wconf 89' lang='lat' dir='ltr'>ita</span> <span class='ocrx_word' id='word_1_36' title='bbox 933 833 1093 912; x_wconf 82' lang='lat' dir='ltr'>videatur,</span> <span class='ocrx_word' id='word_1_37' title='bbox 1123 837 1250 902; x_wconf 87' lang='lat' dir='ltr'>tandem</span> <span class='ocrx_word' id='word_1_38' title='bbox 1272 829 1353 902; x_wconf 80' lang='grc' dir='ltr'><strong><em>Ἴιτι</em></strong></span> <span class='ocrx_word' id='word_1_39' title='bbox 1380 818 1441 910; x_wconf 76' lang='grc' dir='ltr'>οὖν</span> <span class='ocrx_word' id='word_1_40' title='bbox 1464 828 1582 920; x_wconf 75' lang='grc' dir='ltr'><strong><em>ἀγρια-</em></strong></span> 
     </span>
     <span class='ocr_line' id='line_1_6' title="bbox 402 931 1582 1029; baseline -0.003 -23"><span class='ocrx_word' id='word_1_41' title='bbox 402 940 506 1017; x_wconf 84' lang='grc' dir='ltr'><strong><em>νοῦσι,</em></strong></span> <span class='ocrx_word' id='word_1_42' title='bbox 531 938 641 1026; x_wconf 71' lang='lat' dir='ltr'>nquit,</span> <span class='ocrx_word' id='word_1_43' title='bbox 664 933 823 1025; x_wconf 73' lang='grc' dir='ltr'><strong><em>λεγόντων</em></strong></span> <span class='ocrx_word' id='word_1_44' title='bbox 845 934 946 1026; x_wconf 81' lang='grc' dir='ltr'><strong><em>ἡμῶν,</em></strong></span> <span class='ocrx_word' id='word_1_45' title='bbox 968 931 1021 1006; x_wconf 82' lang='grc' dir='ltr'>ὅτι</span> <span class='ocrx_word' id='word_1_46' title='bbox 1043 942 1120 1028; x_wconf 79' lang='grc' dir='ltr'><strong><em>πρὶν</em></strong></span> <span class='ocrx_word' id='word_1_47' title='bbox 1141 932 1321 1016; x_wconf 65' lang='lat' dir='ltr'>dicarcheae</span> <span class='ocrx_word' id='word_1_48' title='bbox 1334 933 1374 1007; x_wconf 85' lang='grc' dir='ltr'>τὸ</span> <span class='ocrx_word' id='word_1_49' title='bbox 1390 931 1582 1029; x_wconf 77' lang='grc' dir='ltr'><strong><em>φιλόσοφοι</em></strong></span> 
     </span>
     <span class='ocr_line' id='line_1_7' title="bbox 401 1036 1582 1129; baseline -0.003 -21"><span class='ocrx_word' id='word_1_50' title='bbox 401 1044 493 1128; x_wconf 82' lang='grc' dir='ltr'><strong><em>μένος</em></strong></span> <span class='ocrx_word' id='word_1_51' title='bbox 522 1043 676 1128; x_wconf 76' lang='grc' dir='ltr'>ἐγκρατὲς</span> <span class='ocrx_word' id='word_1_52' title='bbox 696 1045 839 1129; x_wconf 80' lang='grc' dir='ltr'><strong><em>γένηται,</em></strong></span> <span class='ocrx_word' id='word_1_53' title='bbox 863 1039 937 1112; x_wconf 87' lang='grc' dir='ltr'><strong><em>οῦτι</em></strong></span> <span class='ocrx_word' id='word_1_54' title='bbox 959 1036 1054 1114; x_wconf 83' lang='grc' dir='ltr'><strong><em>πόλει</em></strong></span> <span class='ocrx_word' id='word_1_55' title='bbox 1075 1036 1323 1118; x_wconf 81' lang='grc' dir='ltr'><strong><em>οῦτεπολίταις</em></strong></span> <span class='ocrx_word' id='word_1_56' title='bbox 1343 1038 1456 1108; x_wconf 81' lang='grc' dir='ltr'><strong><em>κακῶν</em></strong></span> <span class='ocrx_word' id='word_1_57' title='bbox 1470 1040 1582 1106; x_wconf 84' lang='grc' dir='ltr'><strong><em>παῦλα</em></strong></span> 
     </span>
     <span class='ocr_line' id='line_1_8' title="bbox 403 1138 1581 1235; baseline -0.003 -23"><span class='ocrx_word' id='word_1_58' title='bbox 403 1144 507 1227; x_wconf 84' lang='grc' dir='ltr'><strong><em>ἔσται,</em></strong></span> <span class='ocrx_word' id='word_1_59' title='bbox 530 1141 624 1214; x_wconf 77' lang='grc' dir='ltr'><strong><em>οὐδὲ</em></strong></span> <span class='ocrx_word' id='word_1_60' title='bbox 646 1141 666 1228; x_wconf 86' lang='grc' dir='ltr'><strong><em>ἡ</em></strong></span> <span class='ocrx_word' id='word_1_61' title='bbox 687 1145 893 1222; x_wconf 82' lang='grc' dir='ltr'><strong><em>πολιτεία,</em></strong></span> <span class='ocrx_word' id='word_1_62' title='bbox 917 1138 964 1228; x_wconf 77' lang='grc' dir='ltr'>ἣν</span> <span class='ocrx_word' id='word_1_63' title='bbox 984 1144 1311 1234; x_wconf 69' lang='grc' dir='ltr'><strong><em>μυθολογοῦμεν</em></strong></span> <span class='ocrx_word' id='word_1_64' title='bbox 1333 1139 1463 1235; x_wconf 76' lang='grc' dir='ltr'><strong><em>λόγῳ,</em></strong></span> <span class='ocrx_word' id='word_1_65' title='bbox 1486 1142 1581 1234; x_wconf 75' lang='grc' dir='ltr'><strong><em>ἔργῳ</em></strong></span> 
     </span>
     <span class='ocr_line' id='line_1_9' title="bbox 402 1232 1581 1344; baseline -0.003 -28"><span class='ocrx_word' id='word_1_66' title='bbox 402 1252 522 1328; x_wconf 79' lang='grc' dir='ltr'><strong><em>τέλος</em></strong></span> <span class='ocrx_word' id='word_1_67' title='bbox 543 1246 741 1344; x_wconf 69' lang='grc' dir='ltr'><strong><em>λήψιοαις</em></strong></span> <span class='ocrx_word' id='word_1_68' title='bbox 769 1246 876 1330; x_wconf 85' lang='grc' dir='ltr'><strong><em>Ἴσως,</em></strong></span> <span class='ocrx_word' id='word_1_69' title='bbox 900 1247 974 1342; x_wconf 81' lang='grc' dir='ltr'><strong><em>ἔφη,</em></strong></span> <span class='ocrx_word' id='word_1_70' title='bbox 997 1239 1106 1331; x_wconf 69' lang='grc' dir='ltr'><strong><em>ἦτρον.</em></strong></span> <span class='ocrx_word' id='word_1_71' title='bbox 1148 1241 1272 1316; x_wconf 68' lang='lat' dir='ltr'>Boules</span> <span class='ocrx_word' id='word_1_72' title='bbox 1293 1233 1364 1324; x_wconf 82' lang='grc' dir='ltr'><strong><em>οῦν,</em></strong></span> <span class='ocrx_word' id='word_1_73' title='bbox 1387 1232 1430 1330; x_wconf 80' lang='grc' dir='ltr'>ἦν</span> <span class='ocrx_word' id='word_1_74' title='bbox 1453 1241 1488 1314; x_wconf 82' lang='grc' dir='ltr'>δ’</span> <span class='ocrx_word' id='word_1_75' title='bbox 1514 1243 1581 1333; x_wconf 81' lang='grc' dir='ltr'>ἐγὼ,</span> 
     </span>
     <span class='ocr_line' id='line_1_10' title="bbox 402 1341 1583 1445; baseline -0.002 -27"><span class='ocrx_word' id='word_1_76' title='bbox 402 1349 449 1440; x_wconf 82' lang='grc' dir='ltr'>μὴ</span> <span class='ocrx_word' id='word_1_77' title='bbox 471 1341 575 1434; x_wconf 80' lang='grc' dir='ltr'><strong><em>ἧττον,</em></strong></span> <span class='ocrx_word' id='word_1_78' title='bbox 592 1354 704 1445; x_wconf 79' lang='grc' dir='ltr'><strong><em>φῶμεν</em></strong></span> <span class='ocrx_word' id='word_1_79' title='bbox 726 1348 862 1431; x_wconf 71' lang='grc' dir='ltr'>αὐτοὺς.</span> <span class='ocrx_word' id='word_1_80' title='bbox 880 1347 967 1420; x_wconf 70' lang='grc' dir='ltr'><strong><em>ἄλλοι</em></strong></span> <span class='ocrx_word' id='word_1_81' title='bbox 986 1347 1180 1420; x_wconf 80' lang='grc' dir='ltr'><strong><em>παντάπασι</em></strong></span> <span class='ocrx_word' id='word_1_82' title='bbox 1193 1345 1322 1441; x_wconf 77' lang='grc' dir='ltr'><strong><em>πρᾴους</em></strong></span> <span class='ocrx_word' id='word_1_83' title='bbox 1335 1352 1509 1437; x_wconf 74' lang='grc' dir='ltr'><strong><em>μεμονέναι</em></strong></span> <span class='ocrx_word' id='word_1_84' title='bbox 1532 1354 1583 1416; x_wconf 80' lang='grc' dir='ltr'>καὶ</span> 
     </span>
     <span class='ocr_line' id='line_1_11' title="bbox 402 1449 1582 1543; baseline -0.003 -19"><span class='ocrx_word' id='word_1_85' title='bbox 402 1460 596 1538; x_wconf 75' lang='grc' dir='ltr'><strong><em>πεπεῖσθαι,</em></strong></span> <span class='ocrx_word' id='word_1_86' title='bbox 614 1451 669 1524; x_wconf 81' lang='grc' dir='ltr'>ἵνα</span> <span class='ocrx_word' id='word_1_87' title='bbox 689 1453 721 1523; x_wconf 82' lang='grc' dir='ltr'>εἰ</span> <span class='ocrx_word' id='word_1_88' title='bbox 735 1453 780 1543; x_wconf 70' lang='grc' dir='ltr'>μή</span> <span class='ocrx_word' id='word_1_89' title='bbox 799 1479 833 1523; x_wconf 86' lang='grc' dir='ltr'>τι</span> <span class='ocrx_word' id='word_1_90' title='bbox 850 1453 942 1536; x_wconf 75' lang='grc' dir='ltr'><strong><em>ἄλλο,</em></strong></span> <span class='ocrx_word' id='word_1_91' title='bbox 961 1451 1197 1543; x_wconf 65' lang='grc' dir='ltr'><strong><em>αἰσχυνθέντος</em></strong></span> <span class='ocrx_word' id='word_1_92' title='bbox 1212 1449 1465 1540; x_wconf 70' lang='grc' dir='ltr'><strong><em>ὁμολογήσωοις</em></strong></span> <span class='ocrx_word' id='word_1_93' title='bbox 1487 1449 1582 1520; x_wconf 78' lang='grc' dir='ltr'>Πάου</span> 
     </span>
     <span class='ocr_line' id='line_1_12' title="bbox 401 1546 1583 1652; baseline -0.003 -26"><span class='ocrx_word' id='word_1_94' title='bbox 401 1567 462 1646; x_wconf 77' lang='grc' dir='ltr'>μὲν</span> <span class='ocrx_word' id='word_1_95' title='bbox 476 1546 545 1640; x_wconf 79' lang='grc' dir='ltr'><strong><em>οῦν,</em></strong></span> <span class='ocrx_word' id='word_1_96' title='bbox 567 1559 645 1652; x_wconf 77' lang='grc' dir='ltr'>ἔφη.</span> <span class='ocrx_word' id='word_1_97' title='bbox 669 1559 716 1626; x_wconf 80' lang='lat' dir='ltr'>ef.</span> <span class='ocrx_word' id='word_1_98' title='bbox 733 1581 767 1643; x_wconf 84' lang='lat' dir='ltr'>p·</span> <span class='ocrx_word' id='word_1_99' title='bbox 784 1564 858 1636; x_wconf 74' lang='lat' dir='ltr'>cot,</span> <span class='ocrx_word' id='word_1_100' title='bbox 882 1564 918 1627; x_wconf 80' lang='lat' dir='ltr'>h.</span> <span class='ocrx_word' id='word_1_101' title='bbox 956 1561 1035 1638; x_wconf 86' lang='lat' dir='ltr'>Quis</span> <span class='ocrx_word' id='word_1_102' title='bbox 1054 1558 1111 1644; x_wconf 82' lang='lat' dir='ltr'>qui</span> <span class='ocrx_word' id='word_1_103' title='bbox 1132 1563 1210 1624; x_wconf 88' lang='lat' dir='ltr'>hacc</span> <span class='ocrx_word' id='word_1_104' title='bbox 1229 1565 1347 1626; x_wconf 87' lang='lat' dir='ltr'>attente</span> <span class='ocrx_word' id='word_1_105' title='bbox 1368 1556 1500 1642; x_wconf 80' lang='lat' dir='ltr'>legerit,</span> <span class='ocrx_word' id='word_1_106' title='bbox 1524 1577 1583 1622; x_wconf 88' lang='lat' dir='ltr'>oon</span> 
     </span>
     <span class='ocr_line' id='line_1_13' title="bbox 401 1663 1582 1750; baseline -0.003 -20"><span class='ocrx_word' id='word_1_107' title='bbox 401 1663 615 1750; x_wconf 80' lang='lat' dir='ltr'><strong>plenissimam</strong></span> <span class='ocrx_word' id='word_1_108' title='bbox 636 1663 741 1730; x_wconf 87' lang='lat' dir='ltr'>inesse</span> <span class='ocrx_word' id='word_1_109' title='bbox 762 1663 801 1729; x_wconf 93' lang='lat' dir='ltr'>iis</span> <span class='ocrx_word' id='word_1_110' title='bbox 819 1663 1060 1747; x_wconf 81' lang='lat' dir='ltr'>responsionem</span> <span class='ocrx_word' id='word_1_111' title='bbox 1074 1665 1116 1728; x_wconf 92' lang='lat' dir='ltr'>ad</span> <span class='ocrx_word' id='word_1_112' title='bbox 1136 1683 1174 1728; x_wconf 87' lang='lat' dir='ltr'>ca</span> <span class='ocrx_word' id='word_1_113' title='bbox 1196 1663 1317 1738; x_wconf 85' lang='lat' dir='ltr'>videat,</span> <span class='ocrx_word' id='word_1_114' title='bbox 1340 1681 1422 1747; x_wconf 88' lang='lat' dir='ltr'>quae</span> <span class='ocrx_word' id='word_1_115' title='bbox 1447 1665 1582 1746; x_wconf 88' lang='lat' dir='ltr'>Thrasy-</span> 
     </span>
     <span class='ocr_line' id='line_1_14' title="bbox 402 1766 1583 1854; baseline -0.004 -20"><span class='ocrx_word' id='word_1_116' title='bbox 402 1771 531 1835; x_wconf 84' lang='lat' dir='ltr'>machus</span> <span class='ocrx_word' id='word_1_117' title='bbox 553 1769 656 1854; x_wconf 88' lang='lat' dir='ltr'>primo</span> <span class='ocrx_word' id='word_1_118' title='bbox 678 1767 762 1835; x_wconf 91' lang='lat' dir='ltr'>lihro</span> <span class='ocrx_word' id='word_1_119' title='bbox 777 1774 951 1854; x_wconf 86' lang='lat' dir='ltr'>posuerat,</span> <span class='ocrx_word' id='word_1_120' title='bbox 974 1766 1172 1852; x_wconf 73' lang='lat' dir='ltr'>magistratus</span> <span class='ocrx_word' id='word_1_121' title='bbox 1193 1787 1251 1832; x_wconf 86' lang='lat' dir='ltr'>sua</span> <span class='ocrx_word' id='word_1_122' title='bbox 1271 1771 1393 1832; x_wconf 83' lang='lat' dir='ltr'>tantum</span> <span class='ocrx_word' id='word_1_123' title='bbox 1415 1767 1583 1830; x_wconf 87' lang='lat' dir='ltr'>commoda</span> 
     </span>
     <span class='ocr_line' id='line_1_15' title="bbox 402 1866 1583 1956; baseline -0.002 -20"><span class='ocrx_word' id='word_1_124' title='bbox 402 1891 525 1955; x_wconf 85' lang='lat' dir='ltr'>curare,</span> <span class='ocrx_word' id='word_1_125' title='bbox 550 1891 615 1938; x_wconf 91' lang='lat' dir='ltr'>non</span> <span class='ocrx_word' id='word_1_126' title='bbox 633 1870 841 1948; x_wconf 90' lang='lat' dir='ltr'>subditorum,</span> <span class='ocrx_word' id='word_1_127' title='bbox 865 1873 961 1956; x_wconf 89' lang='lat' dir='ltr'>idque</span> <span class='ocrx_word' id='word_1_128' title='bbox 987 1891 1057 1936; x_wconf 88' lang='lat' dir='ltr'>asse</span> <span class='ocrx_word' id='word_1_129' title='bbox 1077 1869 1203 1947; x_wconf 89' lang='lat' dir='ltr'>iustum,</span> <span class='ocrx_word' id='word_1_130' title='bbox 1226 1889 1308 1956; x_wconf 85' lang='lat' dir='ltr'>quac</span> <span class='ocrx_word' id='word_1_131' title='bbox 1328 1870 1491 1936; x_wconf 85' lang='lat' dir='ltr'>sententia</span> <span class='ocrx_word' id='word_1_132' title='bbox 1513 1866 1583 1934; x_wconf 81' lang='lat' dir='ltr'>civi·</span> 
     </span>
     <span class='ocr_line' id='line_1_16' title="bbox 402 1974 1582 2061; baseline -0.006 -19"><span class='ocrx_word' id='word_1_133' title='bbox 402 1983 502 2045; x_wconf 91' lang='lat' dir='ltr'>tatum</span> <span class='ocrx_word' id='word_1_134' title='bbox 522 1975 676 2042; x_wconf 90' lang='lat' dir='ltr'>malarum</span> <span class='ocrx_word' id='word_1_135' title='bbox 690 1982 723 2042; x_wconf 90' lang='lat' dir='ltr'>et</span> <span class='ocrx_word' id='word_1_136' title='bbox 736 1975 936 2061; x_wconf 83' lang='lat' dir='ltr'>tyrannidum</span> <span class='ocrx_word' id='word_1_137' title='bbox 953 1975 1024 2041; x_wconf 88' lang='lat' dir='ltr'>fons</span> <span class='ocrx_word' id='word_1_138' title='bbox 1039 1981 1072 2040; x_wconf 88' lang='lat' dir='ltr'>et</span> <span class='ocrx_word' id='word_1_139' title='bbox 1090 1976 1182 2058; x_wconf 80' lang='lat' dir='ltr'>origo</span> <span class='ocrx_word' id='word_1_140' title='bbox 1203 1978 1271 2040; x_wconf 84' lang='lat' dir='ltr'>est‘l</span> <span class='ocrx_word' id='word_1_141' title='bbox 1301 1974 1379 2040; x_wconf 87' lang='lat' dir='ltr'>Cum</span> <span class='ocrx_word' id='word_1_142' title='bbox 1397 1988 1479 2040; x_wconf 86' lang='lat' dir='ltr'>vero</span> <span class='ocrx_word' id='word_1_143' title='bbox 1497 1974 1582 2056; x_wconf 90' lang='lat' dir='ltr'>ipsae</span> 
     </span>
     <span class='ocr_line' id='line_1_17' title="bbox 404 2074 1583 2164; baseline -0.003 -20"><span class='ocrx_word' id='word_1_144' title='bbox 404 2078 478 2144; x_wconf 83' lang='lat' dir='ltr'>illac</span> <span class='ocrx_word' id='word_1_145' title='bbox 501 2078 642 2146; x_wconf 89' lang='lat' dir='ltr'>civitates</span> <span class='ocrx_word' id='word_1_146' title='bbox 662 2077 864 2145; x_wconf 88' lang='lat' dir='ltr'>miseriarum</span> <span class='ocrx_word' id='word_1_147' title='bbox 886 2081 1000 2162; x_wconf 79' lang='lat' dir='ltr'>plenae</span> <span class='ocrx_word' id='word_1_148' title='bbox 1022 2079 1099 2154; x_wconf 89' lang='lat' dir='ltr'>sint,</span> <span class='ocrx_word' id='word_1_149' title='bbox 1123 2078 1199 2164; x_wconf 84' lang='lat' dir='ltr'>quid</span> <span class='ocrx_word' id='word_1_150' title='bbox 1220 2084 1327 2164; x_wconf 88' lang='lat' dir='ltr'>potest</span> <span class='ocrx_word' id='word_1_151' title='bbox 1346 2077 1484 2163; x_wconf 78' lang='lat' dir='ltr'>cogitari</span> <span class='ocrx_word' id='word_1_152' title='bbox 1509 2074 1583 2140; x_wconf 80' lang='lat' dir='ltr'>divi·</span> 
     </span>
    </p>
   </div>
   <div class='ocr_carea' id='block_1_4' title="bbox 294 2175 1582 2267">
    <p class='ocr_par' dir='ltr' id='par_1_4' title="bbox 294 2175 1582 2267">
     <span class='ocr_line' id='line_1_18' title="bbox 294 2175 1582 2267; baseline -0.002 -21"><span class='ocrx_word' id='word_1_153' title='bbox 294 2175 304 2204; x_wconf 85' lang='grc'><strong>“</strong></span> <span class='ocrx_word' id='word_1_154' title='bbox 402 2181 494 2258; x_wconf 84' lang='lat' dir='ltr'>nius,</span> <span class='ocrx_word' id='word_1_155' title='bbox 525 2203 620 2266; x_wconf 87' lang='lat' dir='ltr'>quam</span> <span class='ocrx_word' id='word_1_156' title='bbox 650 2180 736 2266; x_wconf 88' lang='lat' dir='ltr'>quod</span> <span class='ocrx_word' id='word_1_157' title='bbox 760 2181 836 2248; x_wconf 91' lang='lat' dir='ltr'>huic</span> <span class='ocrx_word' id='word_1_158' title='bbox 861 2189 925 2248; x_wconf 89' lang='lat' dir='ltr'>tam</span> <span class='ocrx_word' id='word_1_159' title='bbox 954 2183 1088 2250; x_wconf 77' lang='lat' dir='ltr'>miserae</span> <span class='ocrx_word' id='word_1_160' title='bbox 1109 2183 1238 2248; x_wconf 87' lang='lat' dir='ltr'>humani</span> <span class='ocrx_word' id='word_1_161' title='bbox 1260 2179 1385 2267; x_wconf 77' lang='lat' dir='ltr'>generis</span> <span class='ocrx_word' id='word_1_162' title='bbox 1404 2178 1582 2246; x_wconf 90' lang='lat' dir='ltr'>conditioni</span> 
     </span>
    </p>
   </div>
   <div class='ocr_carea' id='block_1_5' title="bbox 386 2282 1582 2889">
    <p class='ocr_par' dir='ltr' id='par_1_5' title="bbox 386 2282 1582 2889">
     <span class='ocr_line' id='line_1_19' title="bbox 404 2282 1582 2380; baseline -0.003 -28"><span class='ocrx_word' id='word_1_163' title='bbox 404 2306 448 2380; x_wconf 75' lang='lat'>⁰¹.</span> <span class='ocrx_word' id='word_1_164' title='bbox 466 2287 601 2350; x_wconf 81' lang='lat' dir='ltr'>adverso</span> <span class='ocrx_word' id='word_1_165' title='bbox 623 2283 731 2369; x_wconf 78' lang='lat' dir='ltr'>posuit</span> <span class='ocrx_word' id='word_1_166' title='bbox 751 2285 839 2350; x_wconf 84' lang='lat' dir='ltr'>Plato</span> <span class='ocrx_word' id='word_1_167' title='bbox 861 2283 1035 2368; x_wconf 78' lang='lat' dir='ltr'>perlectam</span> <span class='ocrx_word' id='word_1_168' title='bbox 1057 2284 1136 2356; x_wconf 85' lang='lat' dir='ltr'>hanc</span> <span class='ocrx_word' id='word_1_169' title='bbox 1161 2284 1337 2362; x_wconf 81' lang='lat' dir='ltr'>civitatem,</span> <span class='ocrx_word' id='word_1_170' title='bbox 1368 2286 1409 2350; x_wconf 87' lang='lat' dir='ltr'>ad</span> <span class='ocrx_word' id='word_1_171' title='bbox 1430 2282 1582 2350; x_wconf 86' lang='lat' dir='ltr'>iustitiam</span> 
     </span>
     <span class='ocr_line' id='line_1_20' title="bbox 404 2385 1582 2476; baseline -0.006 -18"><span class='ocrx_word' id='word_1_172' title='bbox 404 2409 479 2458; x_wconf 87' lang='lat' dir='ltr'>vare</span> <span class='ocrx_word' id='word_1_173' title='bbox 501 2388 728 2474; x_wconf 86' lang='lat' dir='ltr'>compositam,</span> <span class='ocrx_word' id='word_1_174' title='bbox 751 2388 784 2456; x_wconf 90' lang='lat' dir='ltr'>in</span> <span class='ocrx_word' id='word_1_175' title='bbox 806 2409 869 2476; x_wconf 85' lang='lat' dir='ltr'>qua</span> <span class='ocrx_word' id='word_1_176' title='bbox 889 2407 950 2476; x_wconf 89' lang='lat' dir='ltr'>per</span> <span class='ocrx_word' id='word_1_177' title='bbox 970 2387 1171 2474; x_wconf 77' lang='lat' dir='ltr'>magistratus</span> <span class='ocrx_word' id='word_1_178' title='bbox 1193 2385 1419 2472; x_wconf 87' lang='lat' dir='ltr'>philosophos,</span> <span class='ocrx_word' id='word_1_179' title='bbox 1444 2389 1504 2472; x_wconf 87' lang='lat' dir='ltr'>qui</span> <span class='ocrx_word' id='word_1_180' title='bbox 1524 2386 1582 2452; x_wconf 90' lang='lat' dir='ltr'>illis</span> 
     </span>
     <span class='ocr_line' id='line_1_21' title="bbox 386 2490 1582 2578; baseline -0.001 -21"><span class='ocrx_word' id='word_1_181' title='bbox 386 2495 549 2578; x_wconf 72' lang='lat' dir='ltr'>¹tyrannis,</span> <span class='ocrx_word' id='word_1_182' title='bbox 567 2515 608 2564; x_wconf 82' lang='lat' dir='ltr'>cx</span> <span class='ocrx_word' id='word_1_183' title='bbox 629 2496 764 2563; x_wconf 70' lang='lat' dir='ltr'>ldvcrso</span> <span class='ocrx_word' id='word_1_184' title='bbox 784 2493 929 2561; x_wconf 87' lang='lat' dir='ltr'>collocati</span> <span class='ocrx_word' id='word_1_185' title='bbox 951 2495 1102 2561; x_wconf 82' lang='lat' dir='ltr'>nonsuis</span> <span class='ocrx_word' id='word_1_186' title='bbox 1124 2490 1506 2568; x_wconf 84' lang='lat' dir='ltr'>commodisconsulunt,</span> <span class='ocrx_word' id='word_1_187' title='bbox 1530 2491 1582 2557; x_wconf 90' lang='lat' dir='ltr'>sed</span> 
     </span>
     <span class='ocr_line' id='line_1_22' title="bbox 403 2595 1582 2690; baseline -0.002 -28"><span class='ocrx_word' id='word_1_188' title='bbox 403 2599 603 2665; x_wconf 86' lang='lat' dir='ltr'>subditorum</span> <span class='ocrx_word' id='word_1_189' title='bbox 625 2597 823 2668; x_wconf 87' lang='lat' dir='ltr'>solummodo</span> <span class='ocrx_word' id='word_1_190' title='bbox 845 2599 938 2666; x_wconf 90' lang='lat' dir='ltr'>saluti</span> <span class='ocrx_word' id='word_1_191' title='bbox 959 2596 1167 2690; x_wconf 83' lang='lat' dir='ltr'>prospiciunt,</span> <span class='ocrx_word' id='word_1_192' title='bbox 1191 2600 1327 2662; x_wconf 90' lang='lat' dir='ltr'>humano</span> <span class='ocrx_word' id='word_1_193' title='bbox 1350 2596 1463 2680; x_wconf 77' lang='lat' dir='ltr'>generi</span> <span class='ocrx_word' id='word_1_194' title='bbox 1485 2595 1582 2662; x_wconf 88' lang='lat' dir='ltr'>malo·</span> 
     </span>
     <span class='ocr_line' id='line_1_23' title="bbox 401 2698 1580 2792; baseline -0.003 -26"><span class='ocrx_word' id='word_1_195' title='bbox 401 2721 475 2766; x_wconf 77' lang='lat' dir='ltr'>ruam</span> <span class='ocrx_word' id='word_1_196' title='bbox 495 2698 567 2767; x_wconf 88' lang='lat' dir='ltr'>finis</span> <span class='ocrx_word' id='word_1_197' title='bbox 588 2709 728 2785; x_wconf 65' lang='lat' dir='ltr'>puatur.</span> <span class='ocrx_word' id='word_1_198' title='bbox 779 2703 869 2780; x_wconf 88' lang='lat' dir='ltr'>Quae</span> <span class='ocrx_word' id='word_1_199' title='bbox 897 2703 925 2766; x_wconf 91' lang='lat' dir='ltr'>si</span> <span class='ocrx_word' id='word_1_200' title='bbox 952 2721 1028 2768; x_wconf 84' lang='lat' dir='ltr'>vere</span> <span class='ocrx_word' id='word_1_201' title='bbox 1055 2702 1214 2783; x_wconf 84' lang='lat' dir='ltr'>disputata</span> <span class='ocrx_word' id='word_1_202' title='bbox 1242 2707 1332 2777; x_wconf 89' lang='lat' dir='ltr'>sunt,</span> <span class='ocrx_word' id='word_1_203' title='bbox 1358 2707 1395 2792; x_wconf 85' lang='lat' dir='ltr'>¹ct</span> <span class='ocrx_word' id='word_1_204' title='bbox 1422 2698 1480 2768; x_wconf 83' lang='lat' dir='ltr'>vix</span> <span class='ocrx_word' id='word_1_205' title='bbox 1507 2705 1580 2783; x_wconf 90' lang='lat' dir='ltr'>puto</span> 
     </span>
     <span class='ocr_line' id='line_1_24' title="bbox 403 2801 1581 2889; baseline -0.001 -20"><span class='ocrx_word' id='word_1_206' title='bbox 403 2821 593 2888; x_wconf 82' lang='lat' dir='ltr'>quemquam</span> <span class='ocrx_word' id='word_1_207' title='bbox 615 2806 654 2870; x_wconf 93' lang='lat' dir='ltr'>iis</span> <span class='ocrx_word' id='word_1_208' title='bbox 675 2807 833 2870; x_wconf 87' lang='lat' dir='ltr'>contraria</span> <span class='ocrx_word' id='word_1_209' title='bbox 853 2803 1094 2881; x_wconf 86' lang='lat' dir='ltr'>affirmaturum,</span> <span class='ocrx_word' id='word_1_210' title='bbox 1117 2824 1222 2872; x_wconf 86' lang='lat' dir='ltr'>nonne</span> <span class='ocrx_word' id='word_1_211' title='bbox 1244 2806 1334 2871; x_wconf 87' lang='lat' dir='ltr'>vides</span> <span class='ocrx_word' id='word_1_212' title='bbox 1354 2801 1416 2889; x_wconf 87' lang='lat' dir='ltr'>qui.</span> <span class='ocrx_word' id='word_1_213' title='bbox 1432 2805 1476 2868; x_wconf 90' lang='lat' dir='ltr'>sit</span> <span class='ocrx_word' id='word_1_214' title='bbox 1489 2803 1581 2868; x_wconf 87' lang='lat' dir='ltr'>huius</span> 
     </span>
    </p>
   </div>
   <div class='ocr_carea' id='block_1_6' title="bbox 403 2905 1636 2994">
    <p class='ocr_par' dir='ltr' id='par_1_6' title="bbox 403 2905 1636 2994">
     <span class='ocr_line' id='line_1_25' title="bbox 403 2905 1636 2994; baseline -0.002 -22"><span class='ocrx_word' id='word_1_215' title='bbox 403 2906 521 2992; x_wconf 74' lang='lat' dir='ltr'>dialogi</span> <span class='ocrx_word' id='word_1_216' title='bbox 550 2905 641 2985; x_wconf 87' lang='lat' dir='ltr'>linis,</span> <span class='ocrx_word' id='word_1_217' title='bbox 675 2911 871 2993; x_wconf 77' lang='lat' dir='ltr'>quaeratis</span> <span class='ocrx_word' id='word_1_218' title='bbox 900 2929 1010 2976; x_wconf 89' lang='lat' dir='ltr'>eorum</span> <span class='ocrx_word' id='word_1_219' title='bbox 1040 2911 1191 2994; x_wconf 84' lang='lat' dir='ltr'>quaeda</span> <span class='ocrx_word' id='word_1_220' title='bbox 1216 2905 1581 2990; x_wconf 76' lang='lat' dir='ltr'>iustitiadtsputanusrt</span> <span class='ocrx_word' id='word_1_221' title='bbox 1635 2983 1636 2992; x_wconf 11' lang='grc' dir='ltr'><strong><em>ρ</em></strong></span> 
     </span>
    </p>
   </div>
   <div class='ocr_carea' id='block_1_7' title="bbox 401 3009 1580 3202">
    <p class='ocr_par' dir='ltr' id='par_1_7' title="bbox 401 3009 1580 3202">
     <span class='ocr_line' id='line_1_26' title="bbox 401 3009 1580 3102; baseline -0.003 -26"><span class='ocrx_word' id='word_1_222' title='bbox 401 3010 586 3094; x_wconf 70' lang='lat' dir='ltr'>Explicatur</span> <span class='ocrx_word' id='word_1_223' title='bbox 614 3013 691 3098; x_wconf 85' lang='lat' dir='ltr'>quid</span> <span class='ocrx_word' id='word_1_224' title='bbox 720 3015 762 3080; x_wconf 90' lang='lat' dir='ltr'>sit</span> <span class='ocrx_word' id='word_1_225' title='bbox 782 3033 859 3079; x_wconf 86' lang='lat' dir='ltr'>vcra</span> <span class='ocrx_word' id='word_1_226' title='bbox 880 3013 1000 3080; x_wconf 81' lang='lat' dir='ltr'>iustitia</span> <span class='ocrx_word' id='word_1_227' title='bbox 1020 3020 1054 3077; x_wconf 83' lang='lat' dir='ltr'>et</span> <span class='ocrx_word' id='word_1_228' title='bbox 1075 3015 1206 3080; x_wconf 87' lang='lat' dir='ltr'>docetur</span> <span class='ocrx_word' id='word_1_229' title='bbox 1226 3009 1399 3097; x_wconf 85' lang='lat' dir='ltr'>perlectam</span> <span class='ocrx_word' id='word_1_230' title='bbox 1421 3011 1580 3102; x_wconf 72' lang='lat' dir='ltr'>civitatem</span> 
     </span>
     <span class='ocr_line' id='line_1_27' title="bbox 403 3113 1580 3202; baseline -0.004 -21"><span class='ocrx_word' id='word_1_231' title='bbox 403 3114 439 3181; x_wconf 89' lang='lat' dir='ltr'>in</span> <span class='ocrx_word' id='word_1_232' title='bbox 458 3136 500 3180; x_wconf 88' lang='lat' dir='ltr'>ea</span> <span class='ocrx_word' id='word_1_233' title='bbox 519 3113 586 3182; x_wconf 87' lang='lat' dir='ltr'>niti.</span> <span class='ocrx_word' id='word_1_234' title='bbox 631 3118 738 3182; x_wconf 84' lang='lat' dir='ltr'>Inesse</span> <span class='ocrx_word' id='word_1_235' title='bbox 759 3119 920 3184; x_wconf 80' lang='lat' dir='ltr'>antemio</span> <span class='ocrx_word' id='word_1_236' title='bbox 940 3115 990 3184; x_wconf 85' lang='lat' dir='ltr'>his</span> <span class='ocrx_word' id='word_1_237' title='bbox 1003 3115 1242 3202; x_wconf 79' lang='lat' dir='ltr'>responsionem</span> <span class='ocrx_word' id='word_1_238' title='bbox 1256 3118 1297 3182; x_wconf 91' lang='lat' dir='ltr'>ad</span> <span class='ocrx_word' id='word_1_239' title='bbox 1311 3135 1360 3191; x_wconf 84' lang='lat' dir='ltr'>ea.</span> <span class='ocrx_word' id='word_1_240' title='bbox 1381 3115 1580 3200; x_wconf 84' lang='lat' dir='ltr'>quaeprimo</span> 
     </span>
    </p>
   </div>
   <div class='ocr_carea' id='block_1_8' title="bbox 267 3211 1580 3308">
    <p class='ocr_par' dir='ltr' id='par_1_8' title="bbox 267 3211 1580 3308">
     <span class='ocr_line' id='line_1_28' title="bbox 267 3211 1580 3308; baseline -0.002 -24"><span class='ocrx_word' id='word_1_241' title='bbox 267 3211 271 3217; x_wconf 79' lang='grc'><strong>’</strong></span> <span class='ocrx_word' id='word_1_242' title='bbox 401 3218 487 3286; x_wconf 92' lang='lat' dir='ltr'>lihro</span> <span class='ocrx_word' id='word_1_243' title='bbox 508 3222 758 3308; x_wconf 77' lang='lat' dir='ltr'>Thrasymachus</span> <span class='ocrx_word' id='word_1_244' title='bbox 772 3223 813 3286; x_wconf 88' lang='lat' dir='ltr'>dc</span> <span class='ocrx_word' id='word_1_245' title='bbox 827 3219 966 3287; x_wconf 87' lang='lat' dir='ltr'>iustitiae</span> <span class='ocrx_word' id='word_1_246' title='bbox 982 3219 1096 3286; x_wconf 85' lang='lat' dir='ltr'>natura</span> <span class='ocrx_word' id='word_1_247' title='bbox 1108 3221 1153 3286; x_wconf 84' lang='lat' dir='ltr'>ita</span> <span class='ocrx_word' id='word_1_248' title='bbox 1167 3218 1392 3306; x_wconf 85' lang='lat' dir='ltr'>disputaverat,</span> <span class='ocrx_word' id='word_1_249' title='bbox 1414 3225 1452 3282; x_wconf 86' lang='lat' dir='ltr'>ut</span> <span class='ocrx_word' id='word_1_250' title='bbox 1464 3216 1580 3285; x_wconf 84' lang='lat' dir='ltr'>iustum</span> 
     </span>
    </p>
   </div>
   <div class='ocr_carea' id='block_1_9' title="bbox 313 3319 1580 4346">
    <p class='ocr_par' dir='ltr' id='par_1_9' title="bbox 313 3319 1580 4346">
     <span class='ocr_line' id='line_1_29' title="bbox 402 3319 1580 3410; baseline -0.008 -16"><span class='ocrx_word' id='word_1_251' title='bbox 402 3343 471 3394; x_wconf 78' lang='lat' dir='ltr'>este</span> <span class='ocrx_word' id='word_1_252' title='bbox 494 3322 614 3388; x_wconf 86' lang='lat' dir='ltr'>diceret</span> <span class='ocrx_word' id='word_1_253' title='bbox 635 3327 721 3410; x_wconf 87' lang='lat' dir='ltr'>quod</span> <span class='ocrx_word' id='word_1_254' title='bbox 741 3326 903 3391; x_wconf 81' lang='lat' dir='ltr'>civitatum</span> <span class='ocrx_word' id='word_1_255' title='bbox 917 3322 1118 3409; x_wconf 69' lang='lat' dir='ltr'>magistratus</span> <span class='ocrx_word' id='word_1_256' title='bbox 1133 3319 1485 3407; x_wconf 64' lang='lat' dir='ltr'>at-prinoipcsysllenh</span> <span class='ocrx_word' id='word_1_257' title='bbox 1509 3323 1580 3386; x_wconf 87' lang='lat' dir='ltr'>inda</span> 
     </span>
     <span class='ocr_line' id='line_1_30' title="bbox 313 3423 1580 3513; baseline -0.002 -21"><span class='ocrx_word' id='word_1_258' title='bbox 313 3473 315 3478; x_wconf 67' lang='lat'>,</span> <span class='ocrx_word' id='word_1_259' title='bbox 402 3428 497 3493; x_wconf 89' lang='lat' dir='ltr'>ctiam</span> <span class='ocrx_word' id='word_1_260' title='bbox 519 3425 624 3511; x_wconf 76' lang='lat' dir='ltr'>colligi</span> <span class='ocrx_word' id='word_1_261' title='bbox 646 3434 810 3513; x_wconf 87' lang='lat' dir='ltr'>putamus,</span> <span class='ocrx_word' id='word_1_262' title='bbox 834 3426 921 3512; x_wconf 90' lang='lat' dir='ltr'>quod</span> <span class='ocrx_word' id='word_1_263' title='bbox 942 3436 976 3494; x_wconf 86' lang='lat' dir='ltr'>et</span> <span class='ocrx_word' id='word_1_264' title='bbox 994 3431 1056 3494; x_wconf 90' lang='lat' dir='ltr'>hoc</span> <span class='ocrx_word' id='word_1_265' title='bbox 1077 3429 1169 3504; x_wconf 90' lang='lat' dir='ltr'>loco,</span> <span class='ocrx_word' id='word_1_266' title='bbox 1198 3434 1231 3492; x_wconf 87' lang='lat' dir='ltr'>st</span> <span class='ocrx_word' id='word_1_267' title='bbox 1251 3424 1411 3494; x_wconf 89' lang='lat' dir='ltr'>nonnullis</span> <span class='ocrx_word' id='word_1_268' title='bbox 1432 3423 1506 3493; x_wconf 88' lang='lat' dir='ltr'>aliis</span> <span class='ocrx_word' id='word_1_269' title='bbox 1529 3424 1580 3508; x_wconf 87' lang='lat' dir='ltr'>qui</span> 
     </span>
     <span class='ocr_line' id='line_1_31' title="bbox 402 3529 1578 3616; baseline -0.005 -20"><span class='ocrx_word' id='word_1_270' title='bbox 402 3536 653 3614; x_wconf 83' lang='lat' dir='ltr'>praecesserunt,</span> <span class='ocrx_word' id='word_1_271' title='bbox 676 3533 944 3616; x_wconf 81' lang='lat' dir='ltr'>Thrasymachum</span> <span class='ocrx_word' id='word_1_272' title='bbox 956 3529 1153 3616; x_wconf 74' lang='lat' dir='ltr'>significavit,</span> <span class='ocrx_word' id='word_1_273' title='bbox 1175 3532 1275 3596; x_wconf 89' lang='lat' dir='ltr'>veluti</span> <span class='ocrx_word' id='word_1_274' title='bbox 1296 3549 1326 3616; x_wconf 89' lang='lat' dir='ltr'>p.</span> <span class='ocrx_word' id='word_1_275' title='bbox 1347 3530 1421 3604; x_wconf 76' lang='lat' dir='ltr'>uta,</span> <span class='ocrx_word' id='word_1_276' title='bbox 1445 3532 1485 3594; x_wconf 84' lang='grc' dir='ltr'>Ε.</span> <span class='ocrx_word' id='word_1_277' title='bbox 1506 3529 1578 3602; x_wconf 76' lang='grc'><strong>498,</strong></span> 
     </span>
     <span class='ocr_line' id='line_1_32' title="bbox 403 3631 1579 3720; baseline -0.004 -20"><span class='ocrx_word' id='word_1_278' title='bbox 403 3636 438 3700; x_wconf 87' lang='lat' dir='ltr'>C.</span> <span class='ocrx_word' id='word_1_279' title='bbox 463 3637 537 3700; x_wconf 81' lang='lat'><strong>501.</strong></span> <span class='ocrx_word' id='word_1_280' title='bbox 561 3640 643 3698; x_wconf 79' lang='lat' dir='ltr'>extr.</span> <span class='ocrx_word' id='word_1_281' title='bbox 668 3635 712 3699; x_wconf 87' lang='lat' dir='ltr'>St.</span> <span class='ocrx_word' id='word_1_282' title='bbox 756 3637 824 3700; x_wconf 87' lang='lat' dir='ltr'>Hos</span> <span class='ocrx_word' id='word_1_283' title='bbox 843 3637 941 3720; x_wconf 79' lang='lat' dir='ltr'>igitur</span> <span class='ocrx_word' id='word_1_284' title='bbox 963 3634 1034 3700; x_wconf 90' lang='lat' dir='ltr'>huic</span> <span class='ocrx_word' id='word_1_285' title='bbox 1057 3638 1196 3702; x_wconf 86' lang='lat' dir='ltr'>sermoni</span> <span class='ocrx_word' id='word_1_286' title='bbox 1213 3631 1411 3700; x_wconf 77' lang='lat' dir='ltr'>adversatos</span> <span class='ocrx_word' id='word_1_287' title='bbox 1426 3632 1472 3698; x_wconf 88' lang='lat' dir='ltr'>ita</span> <span class='ocrx_word' id='word_1_288' title='bbox 1486 3631 1579 3715; x_wconf 86' lang='lat' dir='ltr'>plane</span> 
     </span>
     <span class='ocr_line' id='line_1_33' title="bbox 403 3734 1579 3823; baseline -0.003 -21"><span class='ocrx_word' id='word_1_289' title='bbox 403 3736 606 3814; x_wconf 86' lang='lat' dir='ltr'>describens,</span> <span class='ocrx_word' id='word_1_290' title='bbox 645 3737 911 3823; x_wconf 87' lang='lat' dir='ltr'>quemadmodum</span> <span class='ocrx_word' id='word_1_291' title='bbox 941 3737 1045 3821; x_wconf 89' lang='lat' dir='ltr'>primo</span> <span class='ocrx_word' id='word_1_292' title='bbox 1072 3736 1155 3806; x_wconf 90' lang='lat' dir='ltr'>libro</span> <span class='ocrx_word' id='word_1_293' title='bbox 1184 3737 1409 3822; x_wconf 81' lang='lat' dir='ltr'>Thrasymathi</span> <span class='ocrx_word' id='word_1_294' title='bbox 1438 3734 1579 3800; x_wconf 88' lang='lat' dir='ltr'>indolem</span> 
     </span>
     <span class='ocr_line' id='line_1_34' title="bbox 403 3836 1579 3938; baseline -0.004 -32"><span class='ocrx_word' id='word_1_295' title='bbox 403 3839 495 3906; x_wconf 88' lang='lat' dir='ltr'>nohis</span> <span class='ocrx_word' id='word_1_296' title='bbox 517 3843 748 3938; x_wconf 76' lang='lat' dir='ltr'>delineaverat,</span> <span class='ocrx_word' id='word_1_297' title='bbox 780 3862 898 3932; x_wconf 83' lang='lat' dir='ltr'>eosque</span> <span class='ocrx_word' id='word_1_298' title='bbox 919 3844 1041 3928; x_wconf 87' lang='lat' dir='ltr'>pudore</span> <span class='ocrx_word' id='word_1_299' title='bbox 1062 3840 1173 3910; x_wconf 89' lang='lat' dir='ltr'>saltem</span> <span class='ocrx_word' id='word_1_300' title='bbox 1194 3848 1355 3925; x_wconf 89' lang='lat' dir='ltr'>permotos</span> <span class='ocrx_word' id='word_1_301' title='bbox 1377 3836 1579 3905; x_wconf 79' lang='lat' dir='ltr'>confessuros</span> 
     </span>
     <span class='ocr_line' id='line_1_35' title="bbox 404 3941 1580 4032; baseline -0.005 -22"><span class='ocrx_word' id='word_1_302' title='bbox 404 3965 474 4010; x_wconf 88' lang='lat' dir='ltr'>esse</span> <span class='ocrx_word' id='word_1_303' title='bbox 496 3944 621 4024; x_wconf 86' lang='lat' dir='ltr'>dicens,</span> <span class='ocrx_word' id='word_1_304' title='bbox 650 3967 714 4031; x_wconf 91' lang='lat' dir='ltr'>quo</span> <span class='ocrx_word' id='word_1_305' title='bbox 737 3948 857 4016; x_wconf 68' lang='lat' dir='ltr'>›ccdem</span> <span class='ocrx_word' id='word_1_306' title='bbox 884 3949 980 4015; x_wconf 85' lang='lat' dir='ltr'>modo</span> <span class='ocrx_word' id='word_1_307' title='bbox 1003 3949 1251 4031; x_wconf 75' lang='lat' dir='ltr'>Thrasymachus</span> <span class='ocrx_word' id='word_1_308' title='bbox 1272 3944 1378 4032; x_wconf 84' lang='lat' dir='ltr'>primo</span> <span class='ocrx_word' id='word_1_309' title='bbox 1399 3941 1485 4010; x_wconf 92' lang='lat' dir='ltr'>lihro</span> <span class='ocrx_word' id='word_1_310' title='bbox 1508 3961 1580 4008; x_wconf 91' lang='lat' dir='ltr'>cco-</span> 
     </span>
     <span class='ocr_line' id='line_1_36' title="bbox 406 4043 1578 4126; baseline -0.006 -10"><span class='ocrx_word' id='word_1_311' title='bbox 406 4050 506 4116; x_wconf 88' lang='lat' dir='ltr'>victus</span> <span class='ocrx_word' id='word_1_312' title='bbox 534 4057 600 4126; x_wconf 90' lang='lat' dir='ltr'>cst,</span> <span class='ocrx_word' id='word_1_313' title='bbox 619 4049 723 4120; x_wconf 44' lang='lat' dir='ltr'>‘nohis</span> <span class='ocrx_word' id='word_1_314' title='bbox 748 4048 996 4120; x_wconf 67' lang='lat' dir='ltr'>indicaremus</span> <span class='ocrx_word' id='word_1_315' title='bbox 1021 4048 1108 4116; x_wconf 87' lang='lat' dir='ltr'>Plato</span> <span class='ocrx_word' id='word_1_316' title='bbox 1131 4048 1273 4125; x_wconf 83' lang='lat' dir='ltr'>videtur,</span> <span class='ocrx_word' id='word_1_317' title='bbox 1304 4051 1478 4118; x_wconf 84' lang='lat' dir='ltr'>cohaerere</span> <span class='ocrx_word' id='word_1_318' title='bbox 1501 4043 1578 4112; x_wconf 89' lang='lat' dir='ltr'>hanc</span> 
     </span>
     <span class='ocr_line' id='line_1_37' title="bbox 404 4151 1579 4240; baseline -0.003 -22"><span class='ocrx_word' id='word_1_319' title='bbox 404 4151 649 4238; x_wconf 83' lang='lat' dir='ltr'>disputationem</span> <span class='ocrx_word' id='word_1_320' title='bbox 670 4175 741 4220; x_wconf 90' lang='lat' dir='ltr'>cum</span> <span class='ocrx_word' id='word_1_321' title='bbox 763 4153 815 4231; x_wconf 87' lang='lat' dir='ltr'>iis,</span> <span class='ocrx_word' id='word_1_322' title='bbox 844 4175 925 4240; x_wconf 83' lang='lat' dir='ltr'>quae</span> <span class='ocrx_word' id='word_1_323' title='bbox 946 4152 1030 4222; x_wconf 91' lang='lat' dir='ltr'>lihro</span> <span class='ocrx_word' id='word_1_324' title='bbox 1052 4155 1156 4238; x_wconf 89' lang='lat' dir='ltr'>primo</span> <span class='ocrx_word' id='word_1_325' title='bbox 1177 4174 1197 4220; x_wconf 89' lang='lat' dir='ltr'>a</span> <span class='ocrx_word' id='word_1_326' title='bbox 1219 4154 1451 4239; x_wconf 80' lang='lat' dir='ltr'>Thrasymacho</span> <span class='ocrx_word' id='word_1_327' title='bbox 1473 4151 1579 4236; x_wconf 90' lang='lat' dir='ltr'>dispu-</span> 
     </span>
     <span class='ocr_line' id='line_1_38' title="bbox 403 4255 1575 4346; baseline -0.009 -18"><span class='ocrx_word' id='word_1_328' title='bbox 403 4266 472 4328; x_wconf 80' lang='lat' dir='ltr'>tata·</span> <span class='ocrx_word' id='word_1_329' title='bbox 489 4259 563 4326; x_wconf 83' lang='lat' dir='ltr'>sint</span> <span class='ocrx_word' id='word_1_330' title='bbox 606 4258 753 4331; x_wconf 82' lang='lat' dir='ltr'>ceterum</span> <span class='ocrx_word' id='word_1_331' title='bbox 778 4257 888 4332; x_wconf 79' lang='lat' dir='ltr'>ctdc</span> <span class='ocrx_word' id='word_1_332' title='bbox 916 4256 1273 4346; x_wconf 66' lang='lat' dir='ltr'>thursemodus</span> <span class='ocrx_word' id='word_1_333' title='bbox 1296 4275 1330 4344; x_wconf 90' lang='lat' dir='ltr'>p.</span> <span class='ocrx_word' id='word_1_334' title='bbox 1354 4258 1438 4332; x_wconf 76' lang='lat'>³38,</span> <span class='ocrx_word' id='word_1_335' title='bbox 1468 4261 1507 4325; x_wconf 78' lang='grc' dir='ltr'>Δ.</span> <span class='ocrx_word' id='word_1_336' title='bbox 1531 4255 1575 4320; x_wconf 86' lang='lat' dir='ltr'>st.</span> 
     </span>
    </p>
   </div>
   <div class='ocr_carea' id='block_1_10' title="bbox 0 0 1655 5232">
    <p class='ocr_par' dir='ltr' id='par_1_10' title="bbox 0 0 1655 5232">
     <span class='ocr_line' id='line_1_39' title="bbox 0 0 1655 5232; baseline 0 0"><span class='ocrx_word' id='word_1_337' title='bbox 0 0 1655 5232; x_wconf 95' lang='lat' dir='ltr'> </span> 
     </span>
    </p>
   </div>
  </div>
 </body>
</html>
