3298 5232
557 384 789 454 -153-

75 547 160 616 adco
187 545 417 636 tergiuersetur
445 565 507 616 uec
532 546 639 614 dicere
652 547 752 615 uelit.
797 551 877 614 Nam
902 565 966 635 qno
995 547 1058 616 alio
1085 553 1203 629 modo,
1234 550 1263 618 si

74 657 208 742 quidem
236 672 426 718 conservare
448 652 544 719 vellet
571 655 730 740 speciem,
761 651 794 718 in
817 649 940 718 iustitia·
962 655 1146 739 quaerenda
1167 653 1262 722 finem

74 761 186 844 operis
221 777 292 822 esse
314 759 467 842 positum,
505 776 544 822 ea
567 778 621 821 res
646 759 751 822 denuo
777 759 812 834 ih
840 773 1019 822 sermonem
1043 758 1142 842 recipi
1167 779 1263 844 posse

72 863 385 945 ridebatur,‘quae,
410 863 539 926 inventa
560 857 691 943 iustitio,
711 862 807 946 ,cuius
829 862 1038 926 inveniendae
1064 863 1171 946 gratia·
1185 864 1262 926 civi-

72 973 123 1029 tas
144 971 303 1030 exstructa
325 972 383 1041 est,
404 964 507 1031 aliena
518 963 623 1030 rideri
640 962 809 1030 debuit-ab
827 965 981 1030 instituto·
993 985 1150 1042 sermone,
1167 963 1265 1052 quam

71 1071 138 1147 ita,
168 1076 206 1133 ut
231 1067 394 1135 audientes
415 1053 583 1154 poscerent
609 1089 678 1133 eam
706 1071 812 1133 denuo
838 1069 983 1148 tractari,
1019 1072 1169 1154 quoniam
1196 1091 1261 1135 uon

72 1179 224 1238 accurate
257 1174 333 1236 satis
369 1179 502 1236 tractata
534 1176 637 1236 essct-r
680 1174 782 1240 lluius
810 1193 888 1238 vero
918 1172 1131 1257 negligentiae
1161 1193 1258 1252 suae,

72 1278 273 1362 vituperatac
298 1273 339 1340 ab
360 1272 400 1340 iis
425 1275 613 1360 quibuscum
632 1274 894 1362 colloquebatur,
923 1296 1004 1362 qnos
1024 1297 1090 1342 non
1111 1276 1276 1364 latuerat,¹

71 1378 221 1467 potuitne
241 1378 334 1444 aliam
357 1381 513 1462 aptiorem
543 1381 688 1445 Socrates
713 1383 828 1446 afferre
853 1399 980 1446 causam
1002 1400 1038 1445 ea
1061 1401 1156 1466 quarn
1179 1390 1261 1445 attu-

71 1483 124 1558 lit,
155 1503 191 1547 se
213 1501 294 1566 qnae
319 1502 404 1547 nunc
430 1481 571 1551 dicturus
599 1483 724 1548 sitiam
750 1490 844 1548 antea
870 1485 1003 1549 dicenda
1029 1503 1098 1550 osse
1123 1483 1257 1562 vidisse,

71 1585 219 1650 timuisse
249 1593 354 1650 autem
388 1605 426 1651 ea
452 1584 591 1659 referre,
630 1587 781 1670 quoniam
802 1584 943 1652 difficilia
972 1590 1041 1653 visa
1069 1598 1190 1666 essent,
1228 1597 1260 1655 et

71 1691 205 1755 nimiam
229 1681 388 1776 quandam
406 1693 580 1754 excitatura
600 1709 671 1754 esse
692 1709 873 1756 sermonum
892 1694 1028 1761 turham.
1073 1695 1174 1771 Quam
1190 1713 1259 1759 rem

70 1801 163 1860 tanto
186 1791 285 1878 magis
307 1812 463 1878 prospere
484 1791 656 1858 succedere
677 1803 911 1872 necessc'erat,
941 1798 968 1862 si
990 1817 1042 1862 res
1064 1796 1152 1882 ipsae
1176 1800 1260 1864 eius·

71 1899 162 1962 modi
191 1904 311 1972 essent,
347 1904 384 1961 nt
412 1916 520 1962 earum
548 1896 717 1983 explicatio
744 1895 881 1964 difficilis
910 1907 1010 1974 esset,
1047 1921 1258 1989 magnamquc

4 2039 5 2042 ¹
72 2020 258 2068 sermonum
281 2002 407 2068 turham
430 1999 593 2066 excitaret.
637 2004 716 2066 Nam
738 2003 764 2066 si
787 2004 937 2068 iuvenum
957 2003 1146 2091 quibuscum
1161 2005 1260 2072 collo-

4 2135 5 2172 ÷
72 2108 233 2192 quebatur
259 2106 404 2168 Socrates
433 2103 591 2190 postulata
616 2125 692 2170 vere
721 2105 824 2171 aliena
848 2119 952 2172 essent
979 2105 1018 2173 ab
1044 2106 1151 2195 ope'ri's
1175 2107 1257 2186 fine,

4 2265 5 2278 ,
71 2229 131 2273 cur
154 2228 210 2274 eos
233 2229 297 2272 non
319 2209 352 2272 in
373 2208 459 2273 alind
480 2215 605 2291 tempus
625 2211 737 2293 reiicit,
761 2213 977 2294 quaestionem
999 2212 1174 2278 institutam
1193 2217 1259 2300 pri-

4 2355 5 2366 ,
71 2331 160 2376 mum
195 2312 236 2374 ad
275 2309 369 2376 finem
405 2311 640 2394 perducendam
674 2333 743 2378 csse
759 2312 763 2336 ‘
777 2317 965 2380 ostendens?
1009 2320 1175 2382 Praeterea
1210 2321 1257 2383 itu

4 2449 5 2486 t
71 2413 236 2481 miscendo
261 2435 314 2480 res
340 2413 512 2500 grauimos'
526 2435 563 2480 ac
581 2414 786 2492 difficiliores,
811 2425 904 2482 etex
926 2419 1035 2484 intima
1055 2419 1257 2508 philosophia

4 2567 5 2578 ,
71 2521 244 2604 repetitas,
276 2539 352 2584 cum·
373 2518 557 2611 levioribus,
573 2527 606 2584 et
626 2520 840 2597 facilioribus,
867 2521 1040 2605 legentium
1067 2523 1202 2588 satietati
1225 2532 1257 2590 et

4 2673 5 2684 ,
72 2621 293 2706 defatigationi
314 2625 513 2688 occurrebat.
543 2625 749 2709 Praecipuam
765 2634 869 2690 tamen
882 2645 1008 2690 causam
1029 2627 1097 2690 eius
1111 2629 1255 2703 rationis,

4 2777 5 2786 ,
71 2747 137 2811 qna
163 2725 252 2792 Plato
279 2728 524 2811 disputationem
546 2729 585 2791 de
604 2727 777 2814 Republica
795 2709 832 2792 in
857 2732 933 2794 duas
954 2737 1060 2816 partes
1086 2729 1257 2810 distribuit,

4 2879 6 2890 ,
71 2828 215 2894 nondum
239 2830 409 2914 attigimus.
453 2834 508 2895 Est
526 2848 604 2896 vero
619 2835 712 2896 hacc:
736 2830 898 2898 Perfectae
918 2831 1051 2898 civitatis
1072 2855 1112 2898 ex
1128 2835 1257 2911 iustitia,

4 2973 5 2976 =
70 2953 154 3018 qnae
175 2933 262 3020 apud
284 2933 428 2999 homines
453 2943 509 3009 est,
535 2935 701 3019 repetitam
725 2937 980 3019 descriptionem,
1007 2935 1046 3002 ad
1063 2929 1167 3024 prima
1181 2942 1260 3004 civis

4 3079 6 3106 t
70 3036 146 3101 tatis
167 3034 374 3103 fundamenta
393 3037 535 3104 iacienda
553 3037 699 3104 sufficere
717 3035 844 3105 videbat
861 3041 970 3118 Plato;
995 3039 1033 3106 ad
1055 3049 1156 3106 totum
1178 3062 1257 3109 vero

72 3161 153 3226 opus
184 3143 411 3226 exstruendum
439 3140 526 3206 aliud
558 3145 659 3207 adhuc
694 3145 804 3208 adesse
840 3146 959 3208 debere
993 3142 1190 3230 intelligebat
1215 3189 1257 3202 .-

70 3246 171 3308 idcom
191 3245 272 3308 boui.
318 3243 427 3310 Noluit
448 3253 554 3314 tannen
576 3248 656 3311 haec
678 3252 812 3332 utraque
831 3246 965 3312 civitatis
988 3249 1148 3331 perfectae
1168 3249 1257 3334 prin·

71 3350 167 3430 cipia,
196 3366 333 3432 quorum
356 3369 454 3414 unum
480 3347 581 3415 altero
602 3348 788 3428 includitur,
815 3352 967 3429 miscere;
997 3351 1100 3417 noluit
1123 3352 1257 3418 miscere

71 3471 154 3537 qnae
181 3470 221 3514 ex
239 3450 381 3536 utrisque
404 3453 545 3518 instituta
566 3456 773 3536 profluerent.
818 3458 865 3518 De
885 3454 1053 3520 mulierum
1075 3477 1153 3522 vero
1174 3455 1255 3525 libc-

69 3574 247 3640 rerumque
269 3555 491 3620 communione
514 3556 695 3640 disputatio,
719 3560 855 3641 quadam
881 3557 993 3624 saltem
1015 3579 1055 3623 ex
1077 3568 1168 3644 parte
1184 3581 1255 3626 cum

70 3658 216 3724 doctrina
245 3661 284 3723 dc
313 3658 566 3743 magistratibus,
599 3681 679 3746 quae
709 3659 776 3745 ipsa
798 3671 869 3726 cum
892 3660 964 3726 idea
984 3660 1063 3728 boni
1086 3667 1253 3741 cohaeret,

70 3761 241 3827 coniuncta
263 3769 319 3827 est.
365 3760 411 3827 Cf.
434 3783 467 3848 p.
492 3764 564 3832 1297.
589 3765 634 3828 St.
658 3762 698 3828 de
720 3784 784 3848 quo
806 3762 877 3830 loco
892 3763 975 3830 infra
989 3766 1081 3850 plura
1095 3765 1252 3833 dicentur.

69 3869 151 3930 Nam
179 3863 353 3931 liberorum
387 3861 622 3951 mulierumque
650 3869 882 3934 communionis
911 3868 938 3932 is
966 3867 1037 3934 finis
1066 3876 1131 3945 est,
1164 3880 1198 3935 nt
1221 3874 1255 3936 in

68 3968 175 4035 lucem
197 3967 330 4034 edanhrr
348 3973 385 4047 ii,
410 3987 490 4057 quos
511 3969 718 4058 philosophos
740 3972 789 4037 vel
812 3972 1012 4056 magistratus
1036 3977 1172 4040 evadere
1188 3976 1256 4040 vult

67 4074 175 4138 Plato.
219 4076 328 4158 ltaque
349 4073 436 4139 Plato
457 4095 518 4160 per
539 4073 677 4158 speciem
699 4082 820 4140 tantum
843 4075 970 4160 dialogi,
993 4076 1089 4142 nullis
1104 4078 1255 4144 orationis

67 4183 175 4242 rectae
196 4173 318 4260 legibus
341 4179 497 4252 adstricti,
528 4179 614 4249 etin
636 4177 843 4244 dicendorum
866 4179 944 4244 silva
966 4187 1117 4266 tauquam
1140 4179 1255 4246 debac-

66 4278 202 4357 chantis,
225 4278 352 4346 licentia
372 4279 449 4347 usus
472 4289 529 4358 cst,
545 4288 587 4349 -ut
610 4285 650 4348 de
671 4281 720 4350 his
741 4275 837 4350 nehus
859 4281 965 4352 dicere
985 4292 1104 4371 posset,
1128 4304 1211 4373 quae
1234 4277 1255 4351 a
