3344 5234
591 399 877 465 -15-'

96 575 161 644 apua
182 551 293 624 aetatuit¹
312 557 425 623 eoam
445 578 515 634 ease,
532 561 812 642 prodesse-amieis,
837 551 980 626 οοιτονοι
1000 549 1109 644 offerre
1123 562 1274 639 1ιἰιιίιιᾶοἰτ,

97 663 183 728 haud
210 659 343 726 muitum
372 657 505 730 discedit
531 683 550 727 a
577 664 801 748 Thmsymaehi
822 667 862 729 de
883 663 968 730 iusto
988 665 1210 751 opinionibus;
1246 673 1278 732 et

96 764 185 830 ratio
209 785 241 830 a·
256 764 462 834 Poiemaroho
484 764 613 832 defensa
635 767 725 854 quasi
746 787 821 854 pars
843 777 1044 847 esseorum,
1073 785 1155 857 qnae
1177 769 1277 854 magis

95 868 237 953 γενικῶς·
257 889 276 934 a
303 871 537 959 Thrasymacho
567 875 739 956 ponuntur.
784 875 824 936 Ut
845 874 991 940 Socrates
1012 873 1044 938 in
1066 874 1277 960 disputatione

95 992 169 1038 oum
192 969 399 1038 Polemaaoho
421 977 538 1040 iustum
560 993 629 1040 esse
650 982 762 1059 negat,
797 981 877 1053 eote·
894 983 953 1060 μὲν
982 979 1121 1067 ἐχθροῖς
1148 973 1278 1063 βλάβην

95 1071 303 1168 ὀφείλεσθαι
324 1072 416 1164 παρὰ
437 1078 496 1143 τοῦ
518 1078 647 1144 δικαίου
669 1073 802 1168 ἀνδρὸς,
836 1083 905 1157 τοῖς
927 1081 962 1146 δὲ
984 1081 1095 1172 φίλοις
1117 1075 1278 1174 ὠφέλειαν

94 1197 126 1264 ρ.
152 1182 231 1256 335,
253 1183 291 1244 E.
312 1179 356 1246 ita
378 1179 570 1248 eoouarium
592 1179 728 1248 affirmat
749 1184 851 1248 sarius
873 1183 1174 1271 Thrasymachus-p.
1200 1187 1275 1262 did,

96 1285 128 1348 C.
163 1277 313 1367 ἀγνοεῖς,
346 1274 398 1349 ὅτι
427 1278 448 1364 ἡ
478 1292 538 1370 μὲν
568 1281 762 1367 δικαιοσύνη
790 1290 845 1352 καὶ
876 1282 914 1352 τὸ
944 1289 1071 1354 δίκαιον
1100 1282 1278 1377 ἀλλότριον

96 1381 238 1471 ἀγαθὸν
266 1387 312 1478 τῷ
340 1383 428 1464 ὄντι,
462 1387 522 1454 τοῦ
552 1384 738 1480 κρείττονός
765 1413 799 1455 τε
828 1395 883 1456 καὶ
913 1386 1072 1478 ἄρχοντος
1093 1391 1276 1484 ξυμφέρον,

97 1486 201 1556 οἰκεία
229 1492 266 1558 δὲ
295 1491 355 1557 τοῦ
383 1493 588 1578 πειθομένου
618 1485 652 1558 τι
677 1498 733 1558 καὶ
755 1487 994 1581 ὑπηρετοῦντος
1019 1490 1131 1580 βλάβη
1152 1519 1180 1562 κ.
1203 1517 1231 1562 τ.
1253 1495 1277 1562 ἑ.

97 1598 256 1681 Atque-ut
276 1593 362 1660 iiiam
383 1592 520 1660 iustitiae
541 1593 758 1662 definitionem
783 1596 966 1674 Periandri,
1004 1605 1058 1664 aut
1086 1597 1275 1676 Perdiccae,

100 1706 148 1762 aut
169 1698 304 1776 Xerxis,
328 1706 382 1765 aut
403 1702 557 1766 Ismeniae
579 1699 719 1766 Thebani
742 1721 812 1766 esse
835 1700 960 1767 dixerat
981 1703 1146 1779 Socrates,
1169 1701 1213 1766 ita
1235 1723 1276 1770 ex

99 1801 161 1868 sola
189 1802 418 1887 imperantium
440 1802 600 1872 voluntate
621 1799 872 1888 Thrasymaohus
894 1823 988 1870 omna
1009 1803 1127 1871 iustum
1147 1806 1275 1891 repetit.

96 1923 127 1991 p.
147 1907 228 1982 338,
251 1909 291 1971 Ε.
335 1907 426 1984 Quae
447 1905 474 1971 si
495 1925 573 1972 vene
591 1901 830 1993 disputavimus,
853 1927 918 1972 nou
933 1907 1036 1974 solum
1048 1912 1129 1974 hano
1143 1913 1278 1994 Thrasy·

94 1999 200 2074 maohi
222 2013 262 2076 da
282 2009 420 2076 iustitiae
441 2009 473 2076 ai
495 2017 527 2074 et
548 2017 660 2076 natura
681 2011 944 2097 disputationem,
975 2016 1031 2078 sad
1052 2011 1161 2098 peiora
1182 2003 1276 2078 etiam

94 2113 163 2192 dia,
193 2114 370 2182 arctissime
399 2119 543 2182 connexa
569 2135 641 2182 esse
669 2114 833 2201 apparebit
852 2133 926 2182 *oum
948 2115 1133 2202 quaestione
1149 2115 1195 2182 'de
1216 2121 1278 2182 Re-

92 2218 240 2304 pnhiioa;
268 2215 355 2306 quod
373 2237 433 2306 per
454 2239 489 2284 se
510 2219 572 2285 iam
592 2219 767 2286 verisimile
787 2219 891 2287 videri
920 2217 1030 2297 dehet,
1062 2224 1147 2307 apud
1174 2220 1278 2286 Piato·

94 2343 180 2400 nem,
206 2340 364 2388 summum
386 2321 544 2388 sordeandi
561 2321 732 2400 artificem,
755 2321 958 2388 intercedere
979 2343 1096 2388 nexum
1119 2323 1276 2410 quendam

95 2424 307 2492 arctissimum
339 2425 425 2492 inter
457 2424 596 2510 singulas
625 2436 731 2511 partes
760 2426 999 2512 disputationis‚·
1031 2447 1090 2494 neo
1121 2426 1277 2493 saltuatim

96 2533 333 2616 quodammodo
354 2528 394 2596 ab
416 2548 479 2596 nna
500 2533 540 2595 ad
554 2529 684 2596 ulmeam
698 2530 872 2615 perveniri.
910 2534 980 2596 Non
992 2525 1142 2615 negamus
1156 2538 1274 2606 autem,

94 2633 162 2700 imo
185 2621 353 2710 diuinum,¹
369 2627 748 2700 Platonem'vividissime
771 2631 958 2700 delineanda·
981 2633 1201 2721 Thrasymaehi
1230 2632 1278 2699 ie-

94 2732 204 2814 eseia,
231 2731 383 2814 'avaritia
417 2734 599 2823 superbia,'
621 2736 673 2802 eni
693 2736 843 2824 opposuit
864 2737 1006 2804 Socratis
1023 2742 1277 2824 prudentianae

95 2837 343 2918 humanitatem,
378 2837 471 2908 simul
497 2841 560 2906 iam
586 2840 654 2907 istis
676 2844 810 2907 innuere
829 2833 986 2918 voluisse,
1021 2859 1098 2908 vera
1121 2861 1276 2908 essenon

94 2963 228 3030 posse„
245 2965 327 3032 quae
348 2952 412 3012 tam
433 2937 521 3010 mdis
538 2951 577 3010 et
596 2963 695 3012 vanus
709 2949 813 3012 *homo
841 2944 880 3010 de
901 2944 1038 3022 iustitia,
1069 2965 1193 3012 summo
1213 2945 1276 3012 aei-

94 3048 243 3134 puhlioae
264 3043 331 3114 'iina
360 3067 398 3113 ao
425 3045 646 3124 fundamento,
679 3048 804 3133 dieat*).
848 3051 906 3115 Est
926 3058 1029 3114 autem
1052 3047 1104 3112 hio
1124 3048 1213 3114 locus
1235 3051 1275 3114 ad

95 3145 355 3236 mg'nosoend'nm
373 3147 489 3237 dialogi
509 3156 610 3218 nostri
626 3147 724 3218 'finem
747 3151 969 3236 mosomus,
994 3149 1036 3217 ob
1056 3171 1188 3238 eamque
1203 3171 1277 3218 oau-

96 3275 160 3322 sam
183 3253 280 3342 paulo
301 3252 482 3342 diligentins
504 3255 728 3341 explorandus.
773 3255 911 3322 Iustitiae
933 3255 1017 3321 enim
1039 3263 1150 3321 natura
1165 3255 1219 3320 hio
1229 3259 1276 3321 ita

97 3359 291 3447 explicatur,
319 3345 394 3426 ut'e
415 3358 575 3426 civitatum
596 3359 694 3425 variis
714 3357 828 3424 formis
849 3350 942 3446 quod
956 3356 1075 3444 uhiqne
1097 3357 1214 3424 iustum
1236 3358 1277 3424 sit

95 3463 236 3551 pandera
258 3471 418 3550 appareat.
454 3461 523 3528 'Est
535 3461 633 3546 igitur
647 3463 791 3551 quaestio
805 3483 881 3530 vere
895 3460 1032 3549 politica,
1055 3466 1087 3528 et
1100 3463 1277 3548 agiturhoa

165 3680 252 3750 *pua
275 3682 353 3738 attor
373 3666 474 3759 aeuo
494 3685 656 3736 amaneum
675 3683 950 3737 sustenementum
968 3681 1039 3733 usna.
1060 3695 1088 3746 ρ.
1106 3683 1143 3743 a,
1168 3681 1211 3734 ιο.
1248 3682 1275 3734 n

96 3777 166 3829 enim
185 3763 292 3830 suaatt.¹
307 3774 445 3828 Platonem
464 3777 546 3828 ettam
565 3774 738 3829 ettotlttudtna
757 3768 838 3836 erati,
868 3778 955 3837 petora
976 3784 1057 3835 opera
1074 3775 1103 3824 tn
1121 3774 1276 3826 monadem

96 3875 222 3919 revocare
243 3865 357 3918 voluisse
374 3863 538 3930 'tegentibum
560 3871 587 3918 et
603 3864 735 3917 sedatiore
753 3865 924 3928 sequendum
943 3862 1071 3926 librorum
1090 3874 1211 3914 sermone
1233 3864 1273 3914 tn-

98 3955 201 4016 dicere,
221 3937 305 4018 quam'
318 3955 375 4006 dent
395 3956 512 4015 potuero
531 3953 697 4016 paenissime,
719 3939 785 4004 hano
803 3959 967 4006 venustatam
988 3955 1050 4006 ertte
1073 3963 1167 4014 parum
1186 3959 1275 4012 eptem

98 4058 153 4096 esse
179 4051 260 4108 atque
284 4044 351 4094 adeo
375 4033 533 4095 eontrarium
553 4043 713 4096 tnveuteudo
733 4057 804 4095 vero.
843 4044 945 4093 Eorum
964 4042 1076 4093 atterum
1094 4039 1177 4090 noble
1196 4043 1275 4092 nimis

98 4134 245 4198 quaesitum
264 4133 514 4193 videtureaiterurn
535 4136 570 4186 tta
589 4138 767 4195 comparatum
787 4137 841 4195 est,
868 4139 913 4186 ut,
942 4133 964 4182 sl
984 4143 1075 4182 verum
1095 4133 1145 4193 stt,
1163 4141 1215 4179 non
1237 4131 1275 4178 tn—

98 4218 225 4294 ιῑιΙΙιροιιι,
255 4233 304 4274 eur
326 4226 508 4278 nonomnent
527 4226 606 4274 tetum
625 4225 686 4276 ertia
705 4211 874 4286 splendorem
894 4227 975 4286 atque
993 4225 1150 4283 apparatum
1170 4221 1197 4270 to
1216 4217 1270 4268 hoe

100 4326 180 4376 opere
196 4324 304 4376 prorem
321 4311 449 4366 anteeant
464 4311 550 4366 Plato.
625 4335 628 4347 ·
1052 4325 1057 4333 ·
