3296 5232
850 411 892 432 -··
923 381 997 447 '3¹8
1030 413 1082 434 -ι-

364 543 443 610 Sunt
462 549 561 608 ιονιιιι
581 543 638 608 λον
656 541 744 608 modo
765 542 869 606 οννιία
883 541 1094 624 respondentia
1106 542 1207 608 sitin
1219 544 1388 628 ωηαολίλττ
1403 545 1551 612 dinemo.

365 648 446 714 Nom
466 655 597 731 quatuor
617 646 781 710 virtutibus
801 645 1007 710 cardinalibus
1034 647 1210 728 respondent
1233 657 1366 732 quotuor
1387 651 1467 714 nitio
1485 653 1553 733 pri-

364 753 481 825 morto.
509 751 607 836 ι’ίεηαε
628 751 765 833 opposito
784 757 866 814 runt.
890 783 931 796 -
953 750 1024 814 Non
1045 767 1126 834 opus
1148 756 1196 815 est
1223 758 1258 817 ut
1279 749 1376 837 longi
1396 753 1498 818 simus
1519 755 1555 820 in

365 852 562 941 singulorum
582 850 756 920 vorborum
777 851 999 937 explicatione.
1044 854 1092 918 De
1114 850 1342 938 significatione
1364 857 1453 922 vooio
1478 846 1553 946 ίίροι

366 959 408 1024 of.
431 957 486 1024 lib.
508 960 562 1025 IV.
583 980 615 1041 p
636 961 709 1024 443.
733 957 767 1028 C.
790 958 858 1034 St,
882 976 947 1044 quo
967 955 1039 1024 loco
1060 964 1127 1024 tres
1148 955 1246 1024 animi
1273 955 1479 1026 [ιαιιιιιιοε
1468 979 1553 1046 ipsas

366 1053 467 1154 σ’ρονς
487 1060 576 1128 Plato
596 1068 699 1128 vocat.
750 1057 797 1128 Τὸ
821 1063 857 1128 δέ
877 1085 913 1146 με
934 1055 1083 1143 inpete,
1113 1061 1267 1128 τοιοῦτον
1286 1064 1347 1150 μέν
1370 1087 1403 1129 τι
1424 1049 1490 1147 ν’ν,
1512 1057 1553 1141 ὡς

366 1163 488 1243 ἔοικεν,
511 1191 532 1246 η
521 1159 748 1247 δικαιοσύνη
755 1215 764 1247 ,
787 1158 856 1232 ἀλλ’
881 1159 920 1232 ού
942 1169 1015 1256 περί
1037 1161 1097 1246 τὴν
1118 1163 1177 1248 ἔξω
1198 1163 1317 1257 πρᾶξιν
1337 1166 1405 1234 τῶν
1427 1159 1553 1247 αὑτοῦ,

365 1263 453 1336 ἀλλὰ
473 1273 545 1360 περὶ
568 1264 627 1350 τὴν
648 1264 754 1346 ἐντὸς,
778 1262 821 1346 ὡς
843 1262 987 1349 ἀληθῶς
1016 1271 1089 1353 περὶ
1110 1264 1230 1336 ἑαυτὸν
1258 1273 1314 1336 καὶ
1337 1265 1380 1336 τὰ
1411 1269 1555 1351 ἑαυτοῦ,

363 1399 409 1460 μη
398 1365 637 1440 δείσαντα
600 1396 644 1438 τα
665 1367 827 1463 ἀλλότρια
849 1366 1005 1498 πράττειν
1026 1373 1145 1450 ἕκαςον
1166 1372 1200 1438 ἐν
1226 1366 1319 1439 αὑτῶ
1342 1375 1429 1460 μηδὲ
1452 1375 1555 1440 πολν-

363 1480 564 1598 πραημονεῐν
585 1471 669 1566 πρὸς
689 1471 818 1556 ἄλληλα
840 1471 884 1542 τὰ
904 1477 938 1542 ἐν
960 1473 999 1569 τῇ
1019 1475 1111 1570 ψυχῇ
1132 1476 1225 1560 γένη,
1248 1470 1334 1546 ἀλλὰ
1355 1477 1403 1543 ro*
1423 1471 1501 1544 ὄντι
1517 1473 1556 1542 τὰ
1632 1509 1633 1560 }

364 1575 469 1648 οἰκεῖα
491 1577 525 1646 εί
555 1581 701 1667 θέμενον
724 1584 780 1646 καὶ
795 1573 957 1669 ἄρξαντα
985 1573 1089 1646 αὐτὸν
1115 1573 1221 1646 αὑτοῦ
1250 1583 1306 1645 καί
1332 1574 1556 1666 κοσμήσαντα
1632 1563 1633 1612 ³

363 1687 420 1750 καί
441 1683 541 1776 φίλον
560 1676 734 1769 γενόμενον
754 1683 861 1774 ἑαυτῷ
881 1707 937 1750 και
926 1676 1205 1774 ’ξυναρμόσαντα
1221 1682 1297 1773 τρία
1312 1677 1395 1750 ὄντα
1412 1674 1438 1749 ίί
1450 1707 1555 1774 σπερ

364 1777 490 1877 ὅρους
519 1789 629 1879 τρεῖς
657 1781 818 1872 ἁρμονίας
845 1781 1000 1874 ἀτεχνῶς,
1035 1780 1152 1868 νεοίτης
1183 1809 1217 1852 τε
1250 1780 1353 1852 xoi‘
1334 1781 1471 1868 νπάτης
1501 1792 1555 1854 καὶ

367 1893 469 1976 μέσης
489 1913 520 1955 κ.
542 1913 572 1959 τ.
595 1890 620 1957 ἑ.
661 1894 710 1956 Do
736 1896 800 1956 tota
821 1909 857 1956 re
878 1887 919 1956 of.
941 1896 1037 1956 anteo
1057 1889 1148 1957 nobis
1170 1891 1274 1967 dioto,
1303 1889 1455 1977 inprimis
1478 1911 1551 1957 vero

366 1991 471 2079 quarti
484 1992 559 2060 libri
572 1995 698 2071 lorum,
722 1992 779 2078 qui
800 2002 849 2060 ost
868 2013 902 2081 p.
926 1994 999 2066 tot.
1019 1992 1066 2060 in.
1091 1997 1143 2060 ed.
1162 1995 1208 2060 St.
1254 1994 1324 2060 Καὶ
1345 1989 1429 2081 μὴν,
1454 1984 1555 2074 εἶπον,

367 2097 567 2174 πολιτεία,’
552 2092 668 2216 εάνπερ
691 2086 816 2179 οίπαξ
800 2094 930 2190 ορμήση
945 2085 998 2178 εὖ,
1021 2096 1150 2189 ἔρχεται
1165 2088 1273 2188 ὡσπερ
1288 2091 1408 2176 κύκλος
1429 2093 1555 2179 αὐξα-

367 2203 527 2288 νομένη.
557 2223 668 2292 τροφη
693 2197 758 2289 γὰρ
788 2205 843 2266 καί
873 2201 1044 2280 παίδευσις
1069 2225 1195 2291 χρηστα,
1233 2202 1399 2289 σωζομένη
1437 2224 1555 2293 φυσεις

365 2298 551 2389 ἃγαθὰς’
535 2307 677 2390 εμποιεῖ,
710 2307 766 2370 καὶ
802 2291 845 2372 αὖ
883 2299 1000 2398 φύσεις
1030 2309 1174 2396 χρησταί
1207 2299 1364 2386 τοιαύτης
1396 2305 1555 2382 παιδείας

364 2401 739 2530 ἆντιλαμβανόμεναι”
720 2433 767 2474 ετι
792 2408 942 2494 βελτίους
971 2408 1034 2474 τῶν
1068 2410 1236 2499 προτέρων
1269 2401 1415 2500 φύονται
1445 2409 1495 2486 εἴς
1524 2433 1555 2476 τε

364 2498 472 2578 ταλλιι
493 2517 548 2578 ναὶ
569 2506 615 2590 είς
635 2507 674 2578 τὸ
694 2513 826 2602 μεννᾷν,
849 2501 961 2603 ὥσπερ
978 2515 1034 2579 καί
1049 2511 1082 2578 ἐν
1096 2515 1167 2589 τοῖς
1180 2507 1296 2588 ἄλλοις
1310 2505 1418 2592 ζώοις.
1453 2506 1556 2590 Εἰκός

364 2642 406 2702 μ,
427 2613 502 2707 ἔφη.
524 2623 608 2699 etp.
631 2616 736 2682 teo.
725 2636 769 2681 ιιι
804 2605 910 2684 Ὅταν
931 2610 1018 2696 nst
994 2639 1062 2705 αρα
1091 2615 1200 2694 καλῶς
1230 2608 1408 2701 αρξοίμενοι
1437 2617 1554 2696 παῖδες

362 2714 542 2800 παίζειν’
510 2719 664 2805 εννομίαν
691 2716 749 2786 δια
776 2742 834 2797 τις
853 2740 1015 2806 μονσικης
1036 2712 1254 2800 είςδίξωνται,
1281 2712 1384 2785 πάλιν
1412 2741 1553 2786 τονναν·

364 2824 452 2902 τίον,
472 2818 493 2904 ἢ
508 2823 655 2903 ἐκείνοις,
677 2817 724 2900 εἰς
735 2816 844 2890 πιίντα
858 2821 1026 2904 ξννέπεταί
1036 2846 1070 2890 τε
1086 2827 1141 2889 ναὶ
1156 2818 1274 2903 αὔξει
1295 2824 1553 2909 ἐπανορθοῦσα,
1632 2833 1633 2858 ¹

369 2927 510 2993 εἴτιταί
528 2920 690 3014 πρότερον
707 2927 765 3008 τῆς
784 2920 909 3006 πόλεως
924 2925 1037 2994 ἔκειτο.
1079 2925 1286 2993 Inveniuntur
1301 2926 1345 2992 ibi
1359 2929 1454 3011 ipsae
1469 2931 1552 2994 adeo
1632 2917 1633 3010 i

362 3049 458 3098 ιοσεε
480 3027 594 3116 quibos
614 3035 676 3096 hoo
696 3032 769 3098 looo
790 3049 867 3096 ιιειιε
889 3037 937 3095 est
956 3028 1057 3096 Plato.
1101 3027 1243 3096 Eandem
1265 3029 1311 3097 ibi
1331 3030 1422 3098 voois
1449 3027 1552 3112 αὐξά-
1632 3101 1633 3112 ,

362 3159 430 3229 νειν
451 3155 521 3201 esso
544 3132 822 3218 significationem,
846 3155 942 3219 quam
961 3136 1024 3198 hoo
1044 3135 1134 3213 loco,
1156 3132 1297 3214 videbis3
1322 3132 1363 3204 oi
1380 3142 1553 3219 praeterea

363 3259 397 3324 p.
411 3239 509 3306 &97st
499 3260 545 3305 ιιι.
558 3241 605 3306 st.
639 3241 686 3304 Do
698 3258 777 3305 voce
789 3261 928 3325 ομοιονν
939 3235 1021 3323 cip
1034 3237 1109 3302 525.
1127 3259 1169 3304 ιιι.
1187 3239 1233 3303 St.
1249 3232 1444 3318 Κινδυνεύει
1458 3263 1554 3326 μονν,

363 3330 499 3424 ἦνδἀ
483 3339 565 3428 εγὼ,
585 3328 610 3408 ὦ
626 3336 837 3428 Αδείμαντο,
860 3341 894 3407 ἐκ
914 3341 972 3422 τῆς
985 3331 1176 3419 παιδείας“
1157 3364 1235 3408 οποι
1259 3337 1302 3408 ἄν
1326 3366 1378 3420 τις
1400 3335 1555 3435 ὁρμήση,

362 3435 883 3533 τοιαῦτακαίτὰέπόμεναεῖναι.
897 3439 1145 3526 ἢονκᾶεὶτὸ
1170 3434 1556 3533 ὅμοιονονίίμοιον

362 3553 621 3642 παρακαλεῖς
643 3551 822 3638 synonyma
840 3548 941 3634 igitur
962 3569 1032 3615 esso
1053 3557 1187 3636 apparet
1211 3542 1412 3616 voeabula
1394 3544 1555 3635 σμοιούν-

363 3676 427 3722 των
446 3687 490 3706 -·
511 3648 677 3736 ανξόντων
699 3661 731 3720 et
751 3647 996 3739 ἀνομοιούντων
1017 3687 1060 3704 ·-
1081 3647 1294 3738 φθινόντων,
1316 3672 1455 3738 quorum
1473 3655 1556 3720 haec

363 3757 471 3828 ondita
496 3766 587 3837 sunt,
618 3779 658 3824 ne
680 3760 721 3826 do
749 3775 844 3824 senon
865 3755 1094 3824 vocabulorum
1123 3750 1328 3842 ὁμοιούντων
1348 3789 1393 3808 -·
1413 3751 1555 3843 ἀνομοι-

363 3853 486 3927 ούντων
512 3860 627 3930 duhins
650 3861 792 3929 haerens.
843 3862 934 3926 Hono
963 3859 1208 3946 explicationem
1231 3858 1381 3926 adiuvant
1402 3881 1445 3926 en
1466 3879 1552 3946 quno

362 3971 546 4050 sequuntur.
588 3969 668 4032 Nam
689 3969 775 4032 unde
797 3967 877 4032 dnae
899 3963 1085 4030 harmoniae
1114 3967 1273 4051 originem
1294 3965 1469 4052 haberent,
1494 3965 1553 4030 nisi
1632 3951 1633 3958 ί

361 4070 442 4135 hooo
461 4069 506 4134 ito
526 4069 608 4136 sinti
631 4073 694 4137 Cur
715 4069 815 4136 altera
836 4069 891 4149 ίση
913 4063 1038 4147 ἰσάκις,
1060 4069 1159 4134 altera
1180 4061 1350 4156 προμήκης
1372 4065 1554 4144 diceretur,

362 4173 418 4260 qni
453 4179 526 4242 sunt
553 4173 679 4240 termini
705 4175 978 4259 Pythagoreorum
1014 4173 1054 4240 de
1088 4170 1181 4239 bonis
1207 4169 1387 4259 malisque?
1423 4173 1461 4237 In
1489 4170 1554 4238 fine

362 4279 496 4367 muneri
509 4277 625 4347 eodem
651 4275 771 4346 ducunt
796 4274 950 4364 vocabule
977 4269 1158 4363 ἀμεινόνων
1179 4278 1291 4344 τεκαὶ
1316 4268 1477 4363 χειρόνων
1500 4301 1554 4364 γε·
