<?xml version="1.0" encoding="UTF-8"?>
<!DOCTYPE html PUBLIC "-//W3C//DTD XHTML 1.0 Transitional//EN"
    "http://www.w3.org/TR/xhtml1/DTD/xhtml1-transitional.dtd">
<html xmlns="http://www.w3.org/1999/xhtml" xml:lang="en" lang="en">
 <head>
  <title>
</title>
<meta http-equiv="Content-Type" content="text/html;charset=utf-8" />
  <meta name='ocr-system' content='tesseract 3.04.00' />
  <meta name='ocr-capabilities' content='ocr_page ocr_carea ocr_par ocr_line ocrx_word'/>
</head>
<body>
  <div class='ocr_page' id='page_1' title='image "./prolegomenaadpl00rettgoog_0252.png"; bbox 0 0 3296 5232; ppageno 0'>
   <div class='ocr_carea' id='block_1_1' title="bbox 562 397 793 462">
    <p class='ocr_par' dir='ltr' id='par_1_1' title="bbox 562 397 793 462">
     <span class='ocr_line' id='line_1_1' title="bbox 562 397 793 462; baseline 0 0"><span class='ocrx_word' id='word_1_1' title='bbox 562 397 793 462; x_wconf 79' lang='lat' dir='ltr'><strong>—att-</strong></span> 
     </span>
    </p>
   </div>
   <div class='ocr_carea' id='block_1_2' title="bbox 84 546 1275 4364">
    <p class='ocr_par' dir='ltr' id='par_1_2' title="bbox 84 546 1275 4364">
     <span class='ocr_line' id='line_1_2' title="bbox 87 546 1265 651; baseline -0.001 -25"><span class='ocrx_word' id='word_1_2' title='bbox 87 550 215 651; x_wconf 74' lang='lat' dir='ltr'><strong>decemp</strong></span> <span class='ocrx_word' id='word_1_3' title='bbox 238 559 294 625; x_wconf 77' lang='grc' dir='ltr'><strong><em>καί</em></strong></span> <span class='ocrx_word' id='word_1_4' title='bbox 315 556 506 638; x_wconf 70' lang='lat' dir='ltr'><strong>motastada,-</strong></span> <span class='ocrx_word' id='word_1_5' title='bbox 538 551 559 638; x_wconf 78' lang='grc' dir='ltr'><em>ἢ</em></span> <span class='ocrx_word' id='word_1_6' title='bbox 588 556 669 622; x_wconf 81' lang='grc' dir='ltr'><strong><em>οἴει</em></strong></span> <span class='ocrx_word' id='word_1_7' title='bbox 698 555 738 622; x_wconf 80' lang='grc' dir='ltr'><strong>ἐκ</strong></span> <span class='ocrx_word' id='word_1_8' title='bbox 766 546 890 644; x_wconf 85' lang='grc' dir='ltr'><strong><em>δρυός</em></strong></span> <span class='ocrx_word' id='word_1_9' title='bbox 915 555 1052 622; x_wconf 74' lang='grc' dir='ltr'><strong><em>ποθεν</em></strong></span> <span class='ocrx_word' id='word_1_10' title='bbox 1077 548 1100 639; x_wconf 74' lang='grc' dir='ltr'><em>ἢ</em></span> <span class='ocrx_word' id='word_1_11' title='bbox 1127 549 1168 624; x_wconf 76' lang='grc' dir='ltr'><strong>ἐκ</strong></span> <span class='ocrx_word' id='word_1_12' title='bbox 1195 555 1265 626; x_wconf 61' lang='grc' dir='ltr'><strong>πέὲ</strong></span> 
     </span>
     <span class='ocr_line' id='line_1_3' title="bbox 84 653 1266 752; baseline 0 -23"><span class='ocrx_word' id='word_1_13' title='bbox 84 687 187 752; x_wconf 81' lang='grc' dir='ltr'><em>τροις</em></span> <span class='ocrx_word' id='word_1_14' title='bbox 225 659 297 740; x_wconf 89' lang='grc' dir='ltr'><strong><em>τάς</em></strong></span> <span class='ocrx_word' id='word_1_15' title='bbox 329 659 548 736; x_wconf 73' lang='grc' dir='ltr'><strong><em>πολιτείας</em></strong></span> <span class='ocrx_word' id='word_1_16' title='bbox 580 659 826 744; x_wconf 73' lang='grc' dir='ltr'><strong><em>γίγνεσθαι,</em></strong></span> <span class='ocrx_word' id='word_1_17' title='bbox 868 653 953 725; x_wconf 76' lang='grc' dir='ltr'><strong>ἀλλ’</strong></span> <span class='ocrx_word' id='word_1_18' title='bbox 991 653 1082 746; x_wconf 80' lang='grc' dir='ltr'><strong><em>οὐχὶ</em></strong></span> <span class='ocrx_word' id='word_1_19' title='bbox 1114 660 1155 727; x_wconf 85' lang='grc' dir='ltr'><strong>έκ</strong></span> <span class='ocrx_word' id='word_1_20' title='bbox 1190 661 1266 729; x_wconf 79' lang='grc' dir='ltr'><strong><em>τῶν</em></strong></span> 
     </span>
     <span class='ocr_line' id='line_1_4' title="bbox 85 752 1266 857; baseline 0.001 -25"><span class='ocrx_word' id='word_1_21' title='bbox 85 762 209 847; x_wconf 75' lang='grc' dir='ltr'><strong><em>ἠθῶν</em></strong></span> <span class='ocrx_word' id='word_1_22' title='bbox 252 766 325 830; x_wconf 83' lang='grc' dir='ltr'><strong><em>τῶν</em></strong></span> <span class='ocrx_word' id='word_1_23' title='bbox 362 765 401 830; x_wconf 86' lang='grc' dir='ltr'><strong>έν</strong></span> <span class='ocrx_word' id='word_1_24' title='bbox 437 766 526 839; x_wconf 83' lang='grc' dir='ltr'><strong><em>ταῖς</em></strong></span> <span class='ocrx_word' id='word_1_25' title='bbox 557 753 743 839; x_wconf 83' lang='grc' dir='ltr'><strong><em>πόλεσιν,</em></strong></span> <span class='ocrx_word' id='word_1_26' title='bbox 779 755 802 826; x_wconf 82' lang='grc' dir='ltr'><strong>ίί</strong></span> <span class='ocrx_word' id='word_1_27' title='bbox 834 756 879 828; x_wconf 87' lang='grc' dir='ltr'><strong>ἀν</strong></span> <span class='ocrx_word' id='word_1_28' title='bbox 908 752 1040 852; x_wconf 76' lang='grc' dir='ltr'><strong><em>ὥσπερ</em></strong></span> <span class='ocrx_word' id='word_1_29' title='bbox 1076 761 1266 857; x_wconf 78' lang='grc' dir='ltr'><strong><em>ῥέψαντα</em></strong></span> 
     </span>
     <span class='ocr_line' id='line_1_5' title="bbox 86 856 1265 960; baseline 0 -24"><span class='ocrx_word' id='word_1_30' title='bbox 86 856 225 936; x_wconf 67' lang='lat' dir='ltr'><strong>sciti-c</strong></span> <span class='ocrx_word' id='word_1_31' title='bbox 247 861 543 960; x_wconf 78' lang='grc' dir='ltr'><strong><em>έςιελκτίοηταις</em></strong></span> <span class='ocrx_word' id='word_1_32' title='bbox 577 859 815 956; x_wconf 73' lang='lat' dir='ltr'><strong>Oddcpcic&#39;</strong></span> <span class='ocrx_word' id='word_1_33' title='bbox 796 859 916 950; x_wconf 78' lang='lat' dir='ltr'><strong>eywy’,</strong></span> <span class='ocrx_word' id='word_1_34' title='bbox 939 863 1033 958; x_wconf 82' lang='grc' dir='ltr'><strong><em>ἔφη,</em></strong></span> <span class='ocrx_word' id='word_1_35' title='bbox 1059 861 1265 951; x_wconf 71' lang='grc' dir='ltr'><strong><em>ἀλλοθεν,</em></strong></span> 
     </span>
     <span class='ocr_line' id='line_1_6' title="bbox 85 961 1268 1054; baseline 0 -16"><span class='ocrx_word' id='word_1_36' title='bbox 85 968 109 1054; x_wconf 81' lang='grc' dir='ltr'><strong><em>ἢ</em></strong></span> <span class='ocrx_word' id='word_1_37' title='bbox 132 973 340 1038; x_wconf 76' lang='grc' dir='ltr'><strong><em>ἐντεῦθεν</em></strong></span> <span class='ocrx_word' id='word_1_38' title='bbox 377 963 548 1036; x_wconf 82' lang='grc' dir='ltr'><strong><em>οἀκοῦν’</em></strong></span> <span class='ocrx_word' id='word_1_39' title='bbox 518 991 545 1033; x_wconf 81' lang='grc' dir='ltr'><strong>ει</strong></span> <span class='ocrx_word' id='word_1_40' title='bbox 561 963 602 1032; x_wconf 81' lang='grc' dir='ltr'><strong><em>τὰ</em></strong></span> <span class='ocrx_word' id='word_1_41' title='bbox 617 967 680 1033; x_wconf 83' lang='grc' dir='ltr'><strong><em>τῶν</em></strong></span> <span class='ocrx_word' id='word_1_42' title='bbox 693 961 819 1032; x_wconf 86' lang='grc' dir='ltr'><strong><em>πόλεων</em></strong></span> <span class='ocrx_word' id='word_1_43' title='bbox 840 969 942 1049; x_wconf 85' lang='grc' dir='ltr'><strong><em>πέντε,</em></strong></span> <span class='ocrx_word' id='word_1_44' title='bbox 965 973 1022 1036; x_wconf 76' lang='grc' dir='ltr'><strong><em>καὶ</em></strong></span> <span class='ocrx_word' id='word_1_45' title='bbox 1037 972 1079 1036; x_wconf 83' lang='grc' dir='ltr'><strong><em>αἱ</em></strong></span> <span class='ocrx_word' id='word_1_46' title='bbox 1099 971 1163 1038; x_wconf 83' lang='grc' dir='ltr'><strong><em>τῶν</em></strong></span> <span class='ocrx_word' id='word_1_47' title='bbox 1177 962 1268 1044; x_wconf 83' lang='grc' dir='ltr'><strong><em>ἰδιω-</em></strong></span> 
     </span>
     <span class='ocr_line' id='line_1_7' title="bbox 86 1060 1269 1164; baseline 0.002 -23"><span class='ocrx_word' id='word_1_48' title='bbox 86 1074 155 1142; x_wconf 72' lang='lat' dir='ltr'><strong>cdv</strong></span> <span class='ocrx_word' id='word_1_49' title='bbox 176 1078 376 1140; x_wconf 79' lang='grc' dir='ltr'><strong><em>κατασκευαὶ</em></strong></span> <span class='ocrx_word' id='word_1_50' title='bbox 398 1073 456 1153; x_wconf 77' lang='grc' dir='ltr'><strong>τῆς</strong></span> <span class='ocrx_word' id='word_1_51' title='bbox 476 1071 587 1164; x_wconf 74' lang='grc' dir='ltr'><strong><em>ψυχῆς</em></strong></span> <span class='ocrx_word' id='word_1_52' title='bbox 607 1073 700 1136; x_wconf 88' lang='grc' dir='ltr'><strong><em>πέντε</em></strong></span> <span class='ocrx_word' id='word_1_53' title='bbox 722 1065 763 1134; x_wconf 88' lang='grc' dir='ltr'><strong>ἀν</strong></span> <span class='ocrx_word' id='word_1_54' title='bbox 783 1060 855 1138; x_wconf 83' lang='grc' dir='ltr'><strong><em>εἶεν.</em></strong></span> <span class='ocrx_word' id='word_1_55' title='bbox 893 1071 932 1138; x_wconf 87' lang='grc' dir='ltr'><strong>Τι’</strong></span> <span class='ocrx_word' id='word_1_56' title='bbox 953 1066 1037 1157; x_wconf 75' lang='grc' dir='ltr'><strong><em>μίνς</em></strong></span> <span class='ocrx_word' id='word_1_57' title='bbox 1063 1071 1130 1141; x_wconf 85' lang='grc' dir='ltr'><strong>Τὸν</strong></span> <span class='ocrx_word' id='word_1_58' title='bbox 1148 1071 1269 1163; x_wconf 78' lang='grc' dir='ltr'><strong><em>μὲνδὴ</em></strong></span> 
     </span>
     <span class='ocr_line' id='line_1_8' title="bbox 87 1167 1269 1269; baseline 0.003 -25"><span class='ocrx_word' id='word_1_59' title='bbox 87 1178 129 1269; x_wconf 77' lang='grc' dir='ltr'><strong><em>τῆ</em></strong></span> <span class='ocrx_word' id='word_1_60' title='bbox 158 1173 398 1268; x_wconf 76' lang='grc' dir='ltr'><strong><em>ἀριστοκρατίᾳ</em></strong></span> <span class='ocrx_word' id='word_1_61' title='bbox 426 1167 542 1259; x_wconf 76' lang='grc' dir='ltr'><strong><em>ὅμοιον</em></strong></span> <span class='ocrx_word' id='word_1_62' title='bbox 564 1167 809 1260; x_wconf 74' lang='grc' dir='ltr'><strong><em>διεληλύθαμεν</em></strong></span> <span class='ocrx_word' id='word_1_63' title='bbox 831 1168 949 1256; x_wconf 38' lang='grc' dir='ltr'><strong>ἤδηᾙ</strong></span> <span class='ocrx_word' id='word_1_64' title='bbox 937 1168 976 1241; x_wconf 87' lang='grc' dir='ltr'><strong>ἀν</strong></span> <span class='ocrx_word' id='word_1_65' title='bbox 996 1171 1135 1262; x_wconf 73' lang='grc' dir='ltr'><strong><em>αγαθόν</em></strong></span> <span class='ocrx_word' id='word_1_66' title='bbox 1155 1203 1191 1246; x_wconf 83' lang='grc' dir='ltr'><strong><em>τε</em></strong></span> <span class='ocrx_word' id='word_1_67' title='bbox 1211 1181 1269 1246; x_wconf 67' lang='grc' dir='ltr'><strong><em>καί</em></strong></span> 
     </span>
     <span class='ocr_line' id='line_1_9' title="bbox 87 1263 1270 1397; baseline 0.003 -49"><span class='ocrx_word' id='word_1_68' title='bbox 87 1284 221 1348; x_wconf 89' lang='grc' dir='ltr'><strong><em>δίκαιον</em></strong></span> <span class='ocrx_word' id='word_1_69' title='bbox 243 1275 358 1369; x_wconf 74' lang='grc' dir='ltr'><strong><em>ὀρθῶς</em></strong></span> <span class='ocrx_word' id='word_1_70' title='bbox 380 1305 454 1397; x_wconf 74' lang='grc' dir='ltr'><strong><em>φρομ</em></strong></span> <span class='ocrx_word' id='word_1_71' title='bbox 458 1285 492 1345; x_wconf 74' lang='grc' dir='ltr'><strong>ἐν</strong></span> <span class='ocrx_word' id='word_1_72' title='bbox 510 1267 603 1344; x_wconf 79' lang='grc' dir='ltr'><strong><em>εἶναι</em></strong></span> <span class='ocrx_word' id='word_1_73' title='bbox 650 1271 912 1362; x_wconf 57' lang='lat' dir='ltr'><strong>Acarnanicam.</strong></span> <span class='ocrx_word' id='word_1_74' title='bbox 946 1263 1019 1370; x_wconf 70' lang='lat' dir='ltr'><strong>5&#39;Ap</strong></span> <span class='ocrx_word' id='word_1_75' title='bbox 1044 1266 1104 1348; x_wconf 76' lang='grc' dir='ltr'><strong>οὖν</strong></span> <span class='ocrx_word' id='word_1_76' title='bbox 1125 1278 1164 1349; x_wconf 87' lang='grc' dir='ltr'><strong><em>τὸ</em></strong></span> <span class='ocrx_word' id='word_1_77' title='bbox 1185 1279 1270 1370; x_wconf 80' lang='grc' dir='ltr'><strong><em>μετὰ</em></strong></span> 
     </span>
     <span class='ocr_line' id='line_1_10' title="bbox 87 1374 1269 1506; baseline 0.002 -55"><span class='ocrx_word' id='word_1_78' title='bbox 87 1385 190 1451; x_wconf 76' lang='grc' dir='ltr'><strong><em>τοῦτο</em></strong></span> <span class='ocrx_word' id='word_1_79' title='bbox 220 1385 340 1450; x_wconf 83' lang='grc' dir='ltr'><strong><em>διιτέον</em></strong></span> <span class='ocrx_word' id='word_1_80' title='bbox 368 1379 446 1460; x_wconf 82' lang='grc' dir='ltr'><strong><em>τοὺς</em></strong></span> <span class='ocrx_word' id='word_1_81' title='bbox 470 1381 615 1470; x_wconf 82' lang='grc' dir='ltr'><strong><em>χείρους,</em></strong></span> <span class='ocrx_word' id='word_1_82' title='bbox 647 1375 705 1446; x_wconf 89' lang='grc' dir='ltr'><strong><em>τὸν</em></strong></span> <span class='ocrx_word' id='word_1_83' title='bbox 732 1374 920 1470; x_wconf 71' lang='grc' dir='ltr'><strong><em>φιλόνεικόν</em></strong></span> <span class='ocrx_word' id='word_1_84' title='bbox 941 1405 974 1448; x_wconf 91' lang='grc' dir='ltr'><strong><em>τε</em></strong></span> <span class='ocrx_word' id='word_1_85' title='bbox 996 1388 1051 1451; x_wconf 79' lang='lat' dir='ltr'><strong>nai</strong></span> <span class='ocrx_word' id='word_1_86' title='bbox 1073 1380 1269 1506; x_wconf 82' lang='grc' dir='ltr'><strong><em>φιλότιμον,</em></strong></span> 
     </span>
     <span class='ocr_line' id='line_1_11' title="bbox 88 1475 1271 1606; baseline 0.003 -52"><span class='ocrx_word' id='word_1_87' title='bbox 88 1483 178 1554; x_wconf 81' lang='grc' dir='ltr'><strong><em>κατὰ</em></strong></span> <span class='ocrx_word' id='word_1_88' title='bbox 202 1482 259 1568; x_wconf 83' lang='grc' dir='ltr'><strong><em>τὴν</em></strong></span> <span class='ocrx_word' id='word_1_89' title='bbox 275 1481 507 1566; x_wconf 78' lang='grc' dir='ltr'><strong><em>Λακωνικὴν’</em></strong></span> <span class='ocrx_word' id='word_1_90' title='bbox 493 1484 618 1550; x_wconf 83' lang='grc' dir='ltr'><strong><em>εστώτα</em></strong></span> <span class='ocrx_word' id='word_1_91' title='bbox 640 1483 818 1606; x_wconf 75' lang='grc' dir='ltr'><strong><em>πολιτείαν,</em></strong></span> <span class='ocrx_word' id='word_1_92' title='bbox 840 1489 896 1551; x_wconf 85' lang='grc' dir='ltr'><strong><em>καὶ</em></strong></span> <span class='ocrx_word' id='word_1_93' title='bbox 917 1475 1192 1577; x_wconf 78' lang='grc' dir='ltr'><strong><em>ὀλιγαρχικὸν</em></strong></span> <span class='ocrx_word' id='word_1_94' title='bbox 1150 1514 1192 1557; x_wconf 87' lang='grc' dir='ltr'><strong><em>αν</em></strong></span> <span class='ocrx_word' id='word_1_95' title='bbox 1215 1493 1271 1556; x_wconf 68' lang='grc' dir='ltr'><strong><em>καὶ</em></strong></span> 
     </span>
     <span class='ocr_line' id='line_1_12' title="bbox 89 1581 1272 1679; baseline 0.002 -22"><span class='ocrx_word' id='word_1_96' title='bbox 89 1586 336 1679; x_wconf 80' lang='grc' dir='ltr'><strong><em>δημοκρατικὸν</em></strong></span> <span class='ocrx_word' id='word_1_97' title='bbox 357 1594 412 1655; x_wconf 87' lang='grc' dir='ltr'><strong><em>καὶ</em></strong></span> <span class='ocrx_word' id='word_1_98' title='bbox 427 1583 491 1653; x_wconf 86' lang='grc' dir='ltr'><strong><em>τὸν</em></strong></span> <span class='ocrx_word' id='word_1_99' title='bbox 512 1582 724 1674; x_wconf 85' lang='grc' dir='ltr'><strong><em>τυραννικὸν,</em></strong></span> <span class='ocrx_word' id='word_1_100' title='bbox 753 1581 809 1653; x_wconf 91' lang='grc' dir='ltr'><strong><em>ίνα</em></strong></span> <span class='ocrx_word' id='word_1_101' title='bbox 835 1584 894 1654; x_wconf 85' lang='grc' dir='ltr'><strong><em>τὸν</em></strong></span> <span class='ocrx_word' id='word_1_102' title='bbox 920 1583 1127 1659; x_wconf 87' lang='grc' dir='ltr'><strong><em>ἀδικώτατον</em></strong></span> <span class='ocrx_word' id='word_1_103' title='bbox 1147 1586 1272 1671; x_wconf 77' lang='grc' dir='ltr'><strong><em>ἰδόντες</em></strong></span> 
     </span>
     <span class='ocr_line' id='line_1_13' title="bbox 89 1681 1273 1788; baseline 0 -26"><span class='ocrx_word' id='word_1_104' title='bbox 89 1689 284 1776; x_wconf 76' lang='grc' dir='ltr'><strong><em>ἀντιδῶμεν</em></strong></span> <span class='ocrx_word' id='word_1_105' title='bbox 320 1717 362 1784; x_wconf 83' lang='grc' dir='ltr'><strong><em>τῳ</em></strong></span> <span class='ocrx_word' id='word_1_106' title='bbox 399 1685 597 1782; x_wconf 84' lang='grc' dir='ltr'><strong><em>δικαιοτάτῳ</em></strong></span> <span class='ocrx_word' id='word_1_107' title='bbox 633 1694 688 1756; x_wconf 80' lang='grc' dir='ltr'><strong><em>καὶ</em></strong></span> <span class='ocrx_word' id='word_1_108' title='bbox 722 1684 799 1775; x_wconf 80' lang='grc' dir='ltr'><strong><em>ἡμῖν</em></strong></span> <span class='ocrx_word' id='word_1_109' title='bbox 828 1693 921 1757; x_wconf 81' lang='grc' dir='ltr'><strong><em>τελέα</em></strong></span> <span class='ocrx_word' id='word_1_110' title='bbox 950 1681 1174 1788; x_wconf 80' lang='grc' dir='ltr'><strong><em>ἡσκέψιςῇ,</em></strong></span> <span class='ocrx_word' id='word_1_111' title='bbox 1204 1697 1273 1775; x_wconf 81' lang='grc' dir='ltr'><strong><em>πῶς</em></strong></span> 
     </span>
     <span class='ocr_line' id='line_1_14' title="bbox 91 1786 1271 1920; baseline 0.001 -57"><span class='ocrx_word' id='word_1_112' title='bbox 91 1805 173 1864; x_wconf 77' lang='grc' dir='ltr'><strong><em>ποτέ</em></strong></span> <span class='ocrx_word' id='word_1_113' title='bbox 196 1791 217 1878; x_wconf 76' lang='grc' dir='ltr'><strong><em>ί</em></strong></span> <span class='ocrx_word' id='word_1_114' title='bbox 206 1793 386 1886; x_wconf 65' lang='grc' dir='ltr'><strong><em>ςάκρατος</em></strong></span> <span class='ocrx_word' id='word_1_115' title='bbox 408 1786 601 1873; x_wconf 80' lang='grc' dir='ltr'><strong><em>δικαιοοννη</em></strong></span> <span class='ocrx_word' id='word_1_116' title='bbox 622 1789 706 1882; x_wconf 88' lang='grc' dir='ltr'><strong><em>πρὸς</em></strong></span> <span class='ocrx_word' id='word_1_117' title='bbox 727 1788 857 1860; x_wconf 78' lang='grc' dir='ltr'><strong><em>ἀδικίαν</em></strong></span> <span class='ocrx_word' id='word_1_118' title='bbox 880 1789 938 1875; x_wconf 85' lang='grc' dir='ltr'><strong><em>τὴν</em></strong></span> <span class='ocrx_word' id='word_1_119' title='bbox 959 1791 1114 1920; x_wconf 73' lang='grc' dir='ltr'><strong><em>δίκροτον</em></strong></span> <span class='ocrx_word' id='word_1_120' title='bbox 1132 1797 1202 1885; x_wconf 76' lang='grc' dir='ltr'><strong><em>ἔχει</em></strong></span> <span class='ocrx_word' id='word_1_121' title='bbox 1219 1794 1271 1864; x_wconf 74' lang='lat' dir='ltr'><strong>eai-</strong></span> 
     </span>
     <span class='ocr_line' id='line_1_15' title="bbox 92 1889 1273 1989; baseline 0 -21"><span class='ocrx_word' id='word_1_122' title='bbox 92 1901 269 1986; x_wconf 83' lang='grc' dir='ltr'><strong><em>δαιμονίας</em></strong></span> <span class='ocrx_word' id='word_1_123' title='bbox 297 1923 331 1966; x_wconf 87' lang='grc' dir='ltr'><strong><em>τε</em></strong></span> <span class='ocrx_word' id='word_1_124' title='bbox 359 1901 433 1983; x_wconf 90' lang='grc' dir='ltr'><strong><em>πέρι</em></strong></span> <span class='ocrx_word' id='word_1_125' title='bbox 454 1898 514 1964; x_wconf 80' lang='grc' dir='ltr'><strong><em>τοῦ</em></strong></span> <span class='ocrx_word' id='word_1_126' title='bbox 537 1895 667 1983; x_wconf 84' lang='grc' dir='ltr'><strong><em>ἔχοντος</em></strong></span> <span class='ocrx_word' id='word_1_127' title='bbox 688 1899 743 1961; x_wconf 83' lang='grc' dir='ltr'><strong><em>καί</em></strong></span> <span class='ocrx_word' id='word_1_128' title='bbox 765 1889 1023 1978; x_wconf 75' lang='grc' dir='ltr'><strong><em>ἀθλιότητος,’</em></strong></span> <span class='ocrx_word' id='word_1_129' title='bbox 1016 1921 1071 1966; x_wconf 90' lang='grc' dir='ltr'><strong><em>ινα</em></strong></span> <span class='ocrx_word' id='word_1_130' title='bbox 1092 1925 1113 1981; x_wconf 86' lang='grc' dir='ltr'><em>η</em></span> <span class='ocrx_word' id='word_1_131' title='bbox 1140 1901 1273 1989; x_wconf 84' lang='grc' dir='ltr'><strong><em>Θρασυ-</em></strong></span> 
     </span>
     <span class='ocr_line' id='line_1_16' title="bbox 92 1993 1271 2122; baseline 0.001 -51"><span class='ocrx_word' id='word_1_132' title='bbox 92 2001 188 2096; x_wconf 82' lang='grc' dir='ltr'><strong><em>μάχῳ</em></strong></span> <span class='ocrx_word' id='word_1_133' title='bbox 216 1997 413 2089; x_wconf 75' lang='grc' dir='ltr'><strong><em>πειθόμενοι</em></strong></span> <span class='ocrx_word' id='word_1_134' title='bbox 441 1994 605 2085; x_wconf 83' lang='grc' dir='ltr'><strong><em>διώκωμεν</em></strong></span> <span class='ocrx_word' id='word_1_135' title='bbox 628 1994 776 2075; x_wconf 89' lang='grc' dir='ltr'><strong><em>ἀδικίαν,</em></strong></span> <span class='ocrx_word' id='word_1_136' title='bbox 806 1993 828 2080; x_wconf 84' lang='grc' dir='ltr'><em>ἢ</em></span> <span class='ocrx_word' id='word_1_137' title='bbox 857 1999 902 2091; x_wconf 78' lang='grc' dir='ltr'><strong><em>τῷ</em></strong></span> <span class='ocrx_word' id='word_1_138' title='bbox 930 2001 988 2068; x_wconf 80' lang='grc' dir='ltr'><strong>νῦν</strong></span> <span class='ocrx_word' id='word_1_139' title='bbox 1015 2007 1271 2122; x_wconf 78' lang='grc' dir='ltr'><strong><em>προφαινομένῳ</em></strong></span> 
     </span>
     <span class='ocr_line' id='line_1_17' title="bbox 93 2094 1273 2198; baseline 0.001 -24"><span class='ocrx_word' id='word_1_140' title='bbox 93 2105 183 2198; x_wconf 76' lang='grc' dir='ltr'><em>λόγῳ</em></span> <span class='ocrx_word' id='word_1_141' title='bbox 205 2099 435 2186; x_wconf 76' lang='grc' dir='ltr'><strong><em>δικαιοσύνηνς</em></strong></span> <span class='ocrx_word' id='word_1_142' title='bbox 471 2097 677 2170; x_wconf 81' lang='grc' dir='ltr'><strong><em>Παντάπασι</em></strong></span> <span class='ocrx_word' id='word_1_143' title='bbox 698 2108 776 2188; x_wconf 78' lang='grc' dir='ltr'><strong>μέν</strong></span> <span class='ocrx_word' id='word_1_144' title='bbox 786 2099 860 2182; x_wconf 80' lang='grc' dir='ltr'><strong><em>οὐκ,</em></strong></span> <span class='ocrx_word' id='word_1_145' title='bbox 889 2102 968 2192; x_wconf 81' lang='grc' dir='ltr'><strong><em>ι’φη,</em></strong></span> <span class='ocrx_word' id='word_1_146' title='bbox 996 2094 1081 2172; x_wconf 83' lang='grc' dir='ltr'><strong><em>οίίτοι</em></strong></span> <span class='ocrx_word' id='word_1_147' title='bbox 1109 2107 1273 2188; x_wconf 72' lang='grc' dir='ltr'><strong><em>ποιήτέον.</em></strong></span> 
     </span>
     <span class='ocr_line' id='line_1_18' title="bbox 95 2205 1273 2296; baseline 0.002 -20"><span class='ocrx_word' id='word_1_148' title='bbox 95 2212 143 2276; x_wconf 82' lang='lat' dir='ltr'><strong>Cf.</strong></span> <span class='ocrx_word' id='word_1_149' title='bbox 164 2231 196 2296; x_wconf 91' lang='lat' dir='ltr'><strong>p.</strong></span> <span class='ocrx_word' id='word_1_150' title='bbox 218 2209 292 2276; x_wconf 73' lang='lat' dir='ltr'><strong>ibi.</strong></span> <span class='ocrx_word' id='word_1_151' title='bbox 318 2210 425 2293; x_wconf 89' lang='lat' dir='ltr'><strong>Steph.</strong></span> <span class='ocrx_word' id='word_1_152' title='bbox 467 2207 574 2283; x_wconf 82' lang='lat' dir='ltr'><strong>Quum</strong></span> <span class='ocrx_word' id='word_1_153' title='bbox 598 2207 739 2279; x_wconf 79' lang='lat' dir='ltr'><strong>diversas</strong></span> <span class='ocrx_word' id='word_1_154' title='bbox 751 2205 892 2271; x_wconf 82' lang='lat' dir='ltr'><strong>civitates</strong></span> <span class='ocrx_word' id='word_1_155' title='bbox 914 2208 965 2272; x_wconf 88' lang='lat' dir='ltr'><strong>hic</strong></span> <span class='ocrx_word' id='word_1_156' title='bbox 987 2209 1066 2274; x_wconf 89' lang='lat' dir='ltr'><strong>oriri</strong></span> <span class='ocrx_word' id='word_1_157' title='bbox 1088 2208 1171 2276; x_wconf 89' lang='lat' dir='ltr'><strong>dicat</strong></span> <span class='ocrx_word' id='word_1_158' title='bbox 1185 2211 1273 2278; x_wconf 87' lang='lat' dir='ltr'><strong>Plato</strong></span> 
     </span>
     <span class='ocr_line' id='line_1_19' title="bbox 95 2309 1275 2402; baseline 0 -22"><span class='ocrx_word' id='word_1_159' title='bbox 95 2337 136 2380; x_wconf 83' lang='lat' dir='ltr'><strong>ex</strong></span> <span class='ocrx_word' id='word_1_160' title='bbox 163 2311 295 2378; x_wconf 85' lang='lat' dir='ltr'><strong>diversis</strong></span> <span class='ocrx_word' id='word_1_161' title='bbox 321 2312 486 2376; x_wconf 90' lang='lat' dir='ltr'><strong>bominum</strong></span> <span class='ocrx_word' id='word_1_162' title='bbox 513 2312 673 2402; x_wconf 86' lang='lat' dir='ltr'><strong>moribus,</strong></span> <span class='ocrx_word' id='word_1_163' title='bbox 706 2309 894 2395; x_wconf 77' lang='lat' dir='ltr'><strong>perspicitur</strong></span> <span class='ocrx_word' id='word_1_164' title='bbox 921 2326 977 2376; x_wconf 91' lang='lat' dir='ltr'><strong>cnr</strong></span> <span class='ocrx_word' id='word_1_165' title='bbox 1004 2311 1038 2376; x_wconf 93' lang='lat' dir='ltr'><strong>in</strong></span> <span class='ocrx_word' id='word_1_166' title='bbox 1066 2311 1275 2381; x_wconf 85' lang='lat' dir='ltr'><strong>describenda</strong></span> 
     </span>
     <span class='ocr_line' id='line_1_20' title="bbox 93 2410 1274 2500; baseline -0.003 -15"><span class='ocrx_word' id='word_1_167' title='bbox 93 2419 259 2485; x_wconf 87' lang='lat' dir='ltr'><strong>civitatum</strong></span> <span class='ocrx_word' id='word_1_168' title='bbox 274 2423 385 2482; x_wconf 91' lang='lat' dir='ltr'><strong>natura</strong></span> <span class='ocrx_word' id='word_1_169' title='bbox 399 2423 494 2500; x_wconf 88' lang='lat' dir='ltr'><strong>atque</strong></span> <span class='ocrx_word' id='word_1_170' title='bbox 509 2412 617 2479; x_wconf 91' lang='lat' dir='ltr'><strong>indole</strong></span> <span class='ocrx_word' id='word_1_171' title='bbox 631 2432 696 2477; x_wconf 90' lang='lat' dir='ltr'><strong>non</strong></span> <span class='ocrx_word' id='word_1_172' title='bbox 711 2410 847 2496; x_wconf 78' lang='lat' dir='ltr'><strong>negligat</strong></span> <span class='ocrx_word' id='word_1_173' title='bbox 867 2411 1048 2480; x_wconf 76' lang='lat' dir='ltr'><strong>describere</strong></span> <span class='ocrx_word' id='word_1_174' title='bbox 1070 2413 1196 2483; x_wconf 83' lang='lat' dir='ltr'><strong>dirersa</strong></span> <span class='ocrx_word' id='word_1_175' title='bbox 1215 2415 1274 2482; x_wconf 90' lang='lat' dir='ltr'><strong>bc·</strong></span> 
     </span>
     <span class='ocr_line' id='line_1_21' title="bbox 92 2514 1274 2604; baseline 0.002 -19"><span class='ocrx_word' id='word_1_176' title='bbox 92 2523 218 2590; x_wconf 91' lang='lat' dir='ltr'><strong>minum</strong></span> <span class='ocrx_word' id='word_1_177' title='bbox 244 2537 378 2604; x_wconf 64' lang='lat' dir='ltr'><strong>genem</strong></span> <span class='ocrx_word' id='word_1_178' title='bbox 399 2538 502 2602; x_wconf 33' lang='lat' dir='ltr'><strong>cquae.</strong></span> <span class='ocrx_word' id='word_1_179' title='bbox 519 2517 552 2582; x_wconf 92' lang='lat' dir='ltr'><strong>in</strong></span> <span class='ocrx_word' id='word_1_180' title='bbox 574 2517 622 2580; x_wconf 87' lang='lat' dir='ltr'><strong>his</strong></span> <span class='ocrx_word' id='word_1_181' title='bbox 645 2514 834 2582; x_wconf 84' lang='lat' dir='ltr'><strong>civitatibus.</strong></span> <span class='ocrx_word' id='word_1_182' title='bbox 877 2517 939 2582; x_wconf 88' lang='lat' dir='ltr'><strong>Prc</strong></span> <span class='ocrx_word' id='word_1_183' title='bbox 966 2520 1073 2603; x_wconf 88' lang='lat' dir='ltr'><strong>operis</strong></span> <span class='ocrx_word' id='word_1_184' title='bbox 1094 2526 1201 2586; x_wconf 83' lang='lat' dir='ltr'><strong>tamen</strong></span> <span class='ocrx_word' id='word_1_185' title='bbox 1221 2539 1274 2587; x_wconf 87' lang='lat' dir='ltr'><strong>ra·</strong></span> 
     </span>
     <span class='ocr_line' id='line_1_22' title="bbox 93 2617 1274 2708; baseline -0.014 -18"><span class='ocrx_word' id='word_1_186' title='bbox 93 2627 200 2698; x_wconf 87' lang='lat' dir='ltr'><strong>tione,</strong></span> <span class='ocrx_word' id='word_1_187' title='bbox 229 2643 292 2708; x_wconf 84' lang='lat' dir='ltr'><strong>qua</strong></span> <span class='ocrx_word' id='word_1_188' title='bbox 313 2617 480 2688; x_wconf 77' lang='lat' dir='ltr'><strong>simulabat</strong></span> <span class='ocrx_word' id='word_1_189' title='bbox 501 2640 535 2684; x_wconf 89' lang='lat' dir='ltr'><strong>se</strong></span> <span class='ocrx_word' id='word_1_190' title='bbox 557 2618 639 2684; x_wconf 87' lang='lat' dir='ltr'><strong>velie</strong></span> <span class='ocrx_word' id='word_1_191' title='bbox 661 2637 831 2703; x_wconf 81' lang='lat' dir='ltr'><strong>quaerere,</strong></span> <span class='ocrx_word' id='word_1_192' title='bbox 863 2617 970 2686; x_wconf 85' lang='lat' dir='ltr'><strong>utrum</strong></span> <span class='ocrx_word' id='word_1_193' title='bbox 989 2619 1110 2688; x_wconf 82' lang='lat' dir='ltr'><strong>iustum</strong></span> <span class='ocrx_word' id='word_1_194' title='bbox 1129 2643 1170 2688; x_wconf 85' lang='lat' dir='ltr'><strong>an</strong></span> <span class='ocrx_word' id='word_1_195' title='bbox 1190 2621 1274 2690; x_wconf 86' lang='lat' dir='ltr'><strong>inin.</strong></span> 
     </span>
     <span class='ocr_line' id='line_1_23' title="bbox 94 2720 1275 2813; baseline -0.001 -20"><span class='ocrx_word' id='word_1_196' title='bbox 94 2737 181 2795; x_wconf 89' lang='lat' dir='ltr'><strong>stum</strong></span> <span class='ocrx_word' id='word_1_197' title='bbox 201 2746 271 2792; x_wconf 86' lang='lat' dir='ltr'><strong>csse</strong></span> <span class='ocrx_word' id='word_1_198' title='bbox 292 2731 449 2809; x_wconf 86' lang='lat' dir='ltr'><strong>praestet,</strong></span> <span class='ocrx_word' id='word_1_199' title='bbox 479 2743 542 2788; x_wconf 94' lang='lat' dir='ltr'><strong>non</strong></span> <span class='ocrx_word' id='word_1_200' title='bbox 569 2720 673 2808; x_wconf 89' lang='lat' dir='ltr'><strong>potnit</strong></span> <span class='ocrx_word' id='word_1_201' title='bbox 700 2720 793 2788; x_wconf 91' lang='lat' dir='ltr'><strong>aliam</strong></span> <span class='ocrx_word' id='word_1_202' title='bbox 814 2722 971 2790; x_wconf 88' lang='lat' dir='ltr'><strong>rationem</strong></span> <span class='ocrx_word' id='word_1_203' title='bbox 990 2723 1093 2801; x_wconf 90' lang='lat' dir='ltr'><strong>inire,</strong></span> <span class='ocrx_word' id='word_1_204' title='bbox 1122 2747 1217 2813; x_wconf 80' lang='lat' dir='ltr'><strong>quun</strong></span> <span class='ocrx_word' id='word_1_205' title='bbox 1236 2733 1275 2792; x_wconf 90' lang='lat' dir='ltr'><strong>ut</strong></span> 
     </span>
     <span class='ocr_line' id='line_1_24' title="bbox 93 2823 1274 2914; baseline -0.001 -17"><span class='ocrx_word' id='word_1_206' title='bbox 93 2836 155 2898; x_wconf 90' lang='lat' dir='ltr'><strong>bac</strong></span> <span class='ocrx_word' id='word_1_207' title='bbox 179 2829 233 2896; x_wconf 84' lang='lat' dir='ltr'><strong>via</strong></span> <span class='ocrx_word' id='word_1_208' title='bbox 263 2831 381 2914; x_wconf 87' lang='lat' dir='ltr'><strong>optime</strong></span> <span class='ocrx_word' id='word_1_209' title='bbox 410 2825 549 2914; x_wconf 76' lang='lat' dir='ltr'><strong>perspici</strong></span> <span class='ocrx_word' id='word_1_210' title='bbox 574 2845 669 2910; x_wconf 83' lang='lat' dir='ltr'><strong>passe</strong></span> <span class='ocrx_word' id='word_1_211' title='bbox 698 2823 832 2900; x_wconf 86' lang='lat' dir='ltr'><strong>diceret,</strong></span> <span class='ocrx_word' id='word_1_212' title='bbox 862 2833 970 2894; x_wconf 88' lang='lat' dir='ltr'><strong>utrum</strong></span> <span class='ocrx_word' id='word_1_213' title='bbox 995 2837 1134 2914; x_wconf 87' lang='lat' dir='ltr'><strong>praestet</strong></span> <span class='ocrx_word' id='word_1_214' title='bbox 1154 2829 1274 2898; x_wconf 85' lang='lat' dir='ltr'><strong>instnna</strong></span> 
     </span>
     <span class='ocr_line' id='line_1_25' title="bbox 94 2927 1271 3012; baseline 0 -12"><span class='ocrx_word' id='word_1_215' title='bbox 94 2955 167 3000; x_wconf 89' lang='lat' dir='ltr'><strong>esse</strong></span> <span class='ocrx_word' id='word_1_216' title='bbox 195 2953 235 2998; x_wconf 91' lang='lat' dir='ltr'><strong>an</strong></span> <span class='ocrx_word' id='word_1_217' title='bbox 266 2931 425 3000; x_wconf 86' lang='lat' dir='ltr'><strong>iniustum.</strong></span> <span class='ocrx_word' id='word_1_218' title='bbox 445 2973 452 2988; x_wconf 48' lang='grc' dir='ltr'><strong><em>ι</em></strong></span> <span class='ocrx_word' id='word_1_219' title='bbox 471 2931 540 3007; x_wconf 85' lang='lat' dir='ltr'><strong>Qua</strong></span> <span class='ocrx_word' id='word_1_220' title='bbox 568 2938 672 2994; x_wconf 89' lang='lat' dir='ltr'><strong>tamen</strong></span> <span class='ocrx_word' id='word_1_221' title='bbox 701 2927 932 3012; x_wconf 83' lang='lat' dir='ltr'><strong>disputatione,</strong></span> <span class='ocrx_word' id='word_1_222' title='bbox 969 2938 1004 2996; x_wconf 93' lang='lat' dir='ltr'><strong>ut</strong></span> <span class='ocrx_word' id='word_1_223' title='bbox 1021 2933 1093 2998; x_wconf 53' lang='lat' dir='ltr'><strong>&#39;iam</strong></span> <span class='ocrx_word' id='word_1_224' title='bbox 1115 2933 1271 3012; x_wconf 85' lang='lat' dir='ltr'><strong>diximus,</strong></span> 
     </span>
     <span class='ocr_line' id='line_1_26' title="bbox 94 3033 1274 3122; baseline 0 -20"><span class='ocrx_word' id='word_1_225' title='bbox 94 3035 177 3102; x_wconf 86' lang='lat' dir='ltr'><strong>nihil</strong></span> <span class='ocrx_word' id='word_1_226' title='bbox 198 3034 283 3103; x_wconf 85' lang='lat' dir='ltr'><strong>aliud</strong></span> <span class='ocrx_word' id='word_1_227' title='bbox 305 3036 478 3122; x_wconf 78' lang='lat' dir='ltr'><strong>spectabat,</strong></span> <span class='ocrx_word' id='word_1_228' title='bbox 501 3053 597 3118; x_wconf 89' lang='lat' dir='ltr'><strong>quam</strong></span> <span class='ocrx_word' id='word_1_229' title='bbox 617 3040 653 3096; x_wconf 92' lang='lat' dir='ltr'><strong>ut</strong></span> <span class='ocrx_word' id='word_1_230' title='bbox 674 3035 718 3099; x_wconf 92' lang='lat' dir='ltr'><strong>ita</strong></span> <span class='ocrx_word' id='word_1_231' title='bbox 739 3040 859 3098; x_wconf 89' lang='lat' dir='ltr'><strong>rectum</strong></span> <span class='ocrx_word' id='word_1_232' title='bbox 879 3034 919 3100; x_wconf 88' lang='lat' dir='ltr'><strong>de</strong></span> <span class='ocrx_word' id='word_1_233' title='bbox 941 3033 1061 3120; x_wconf 91' lang='lat' dir='ltr'><strong>optima</strong></span> <span class='ocrx_word' id='word_1_234' title='bbox 1075 3039 1134 3102; x_wconf 89' lang='lat' dir='ltr'><strong>hac</strong></span> <span class='ocrx_word' id='word_1_235' title='bbox 1147 3037 1274 3102; x_wconf 76' lang='lat' dir='ltr'><strong>ciuitate</strong></span> 
     </span>
     <span class='ocr_line' id='line_1_27' title="bbox 94 3127 1275 3226; baseline 0 -20"><span class='ocrx_word' id='word_1_236' title='bbox 94 3139 250 3206; x_wconf 88' lang='lat' dir='ltr'><strong>iudicium</strong></span> <span class='ocrx_word' id='word_1_237' title='bbox 275 3127 426 3219; x_wconf 83' lang='lat' dir='ltr'><strong>serretur,</strong></span> <span class='ocrx_word' id='word_1_238' title='bbox 456 3143 488 3201; x_wconf 91' lang='lat' dir='ltr'><strong>et</strong></span> <span class='ocrx_word' id='word_1_239' title='bbox 516 3137 751 3218; x_wconf 79' lang='lat' dir='ltr'><strong>perspiceretur</strong></span> <span class='ocrx_word' id='word_1_240' title='bbox 778 3135 878 3212; x_wconf 89' lang='lat' dir='ltr'><strong>ratic,</strong></span> <span class='ocrx_word' id='word_1_241' title='bbox 907 3157 988 3224; x_wconf 88' lang='lat' dir='ltr'><strong>quae</strong></span> <span class='ocrx_word' id='word_1_242' title='bbox 1016 3137 1100 3204; x_wconf 89' lang='lat' dir='ltr'><strong>inter</strong></span> <span class='ocrx_word' id='word_1_243' title='bbox 1120 3138 1275 3226; x_wconf 81' lang='lat' dir='ltr'><strong>eptimam</strong></span> 
     </span>
     <span class='ocr_line' id='line_1_28' title="bbox 97 3227 1275 3328; baseline 0 -20"><span class='ocrx_word' id='word_1_244' title='bbox 97 3241 256 3308; x_wconf 79' lang='lat' dir='ltr'><strong>civitatem</strong></span> <span class='ocrx_word' id='word_1_245' title='bbox 279 3249 311 3307; x_wconf 87' lang='lat' dir='ltr'><strong>et</strong></span> <span class='ocrx_word' id='word_1_246' title='bbox 330 3227 468 3326; x_wconf 87' lang='lat' dir='ltr'><strong>reliquas</strong></span> <span class='ocrx_word' id='word_1_247' title='bbox 489 3237 712 3305; x_wconf 83' lang='lat' dir='ltr'><strong>intercederet.</strong></span> <span class='ocrx_word' id='word_1_248' title='bbox 757 3242 836 3304; x_wconf 90' lang='lat' dir='ltr'><strong>Nam</strong></span> <span class='ocrx_word' id='word_1_249' title='bbox 851 3244 890 3305; x_wconf 91' lang='lat' dir='ltr'><strong>ad</strong></span> <span class='ocrx_word' id='word_1_250' title='bbox 906 3240 949 3315; x_wconf 92' lang='lat' dir='ltr'><strong>id,</strong></span> <span class='ocrx_word' id='word_1_251' title='bbox 971 3245 1058 3326; x_wconf 86' lang='lat' dir='ltr'><strong>qnod</strong></span> <span class='ocrx_word' id='word_1_252' title='bbox 1074 3241 1162 3308; x_wconf 86' lang='lat' dir='ltr'><strong>Plato</strong></span> <span class='ocrx_word' id='word_1_253' title='bbox 1177 3243 1275 3328; x_wconf 78' lang='lat' dir='ltr'><strong>signi·</strong></span> 
     </span>
     <span class='ocr_line' id='line_1_29' title="bbox 95 3341 1274 3426; baseline -0.002 -12"><span class='ocrx_word' id='word_1_254' title='bbox 95 3345 187 3423; x_wconf 86' lang='lat' dir='ltr'><strong>ficut,</strong></span> <span class='ocrx_word' id='word_1_255' title='bbox 215 3344 465 3419; x_wconf 89' lang='lat' dir='ltr'><strong>diiudicandum,</strong></span> <span class='ocrx_word' id='word_1_256' title='bbox 495 3363 561 3408; x_wconf 88' lang='lat' dir='ltr'><strong>non</strong></span> <span class='ocrx_word' id='word_1_257' title='bbox 582 3343 793 3426; x_wconf 79' lang='lat' dir='ltr'><strong>necessarium</strong></span> <span class='ocrx_word' id='word_1_258' title='bbox 814 3341 874 3410; x_wconf 85' lang='lat' dir='ltr'><strong>fuit</strong></span> <span class='ocrx_word' id='word_1_259' title='bbox 894 3346 934 3409; x_wconf 90' lang='lat' dir='ltr'><strong>de</strong></span> <span class='ocrx_word' id='word_1_260' title='bbox 957 3343 1091 3410; x_wconf 86' lang='lat' dir='ltr'><strong>diversis</strong></span> <span class='ocrx_word' id='word_1_261' title='bbox 1113 3345 1274 3412; x_wconf 85' lang='lat' dir='ltr'><strong>civitatum</strong></span> 
     </span>
     <span class='ocr_line' id='line_1_30' title="bbox 96 3445 1275 3533; baseline -0.002 -17"><span class='ocrx_word' id='word_1_262' title='bbox 96 3451 212 3517; x_wconf 82' lang='lat' dir='ltr'><strong>formis</strong></span> <span class='ocrx_word' id='word_1_263' title='bbox 234 3446 411 3533; x_wconf 84' lang='lat' dir='ltr'><strong>disputare,</strong></span> <span class='ocrx_word' id='word_1_264' title='bbox 441 3447 486 3512; x_wconf 88' lang='lat' dir='ltr'><strong>ita</strong></span> <span class='ocrx_word' id='word_1_265' title='bbox 515 3445 642 3532; x_wconf 87' lang='lat' dir='ltr'><strong>quidem</strong></span> <span class='ocrx_word' id='word_1_266' title='bbox 669 3454 706 3512; x_wconf 89' lang='lat' dir='ltr'><strong>ut</strong></span> <span class='ocrx_word' id='word_1_267' title='bbox 731 3453 853 3532; x_wconf 90' lang='lat' dir='ltr'><strong>pateret</strong></span> <span class='ocrx_word' id='word_1_268' title='bbox 882 3451 1042 3531; x_wconf 87' lang='lat' dir='ltr'><strong>quomodo</strong></span> <span class='ocrx_word' id='word_1_269' title='bbox 1064 3448 1220 3515; x_wconf 81' lang='lat' dir='ltr'><strong>intereant</strong></span> <span class='ocrx_word' id='word_1_270' title='bbox 1240 3455 1275 3530; x_wconf 78' lang='lat' dir='ltr'><strong>et</strong></span> 
     </span>
     <span class='ocr_line' id='line_1_31' title="bbox 97 3547 1274 3637; baseline -0.002 -17"><span class='ocrx_word' id='word_1_271' title='bbox 97 3556 262 3630; x_wconf 88' lang='lat' dir='ltr'><strong>oriantur,</strong></span> <span class='ocrx_word' id='word_1_272' title='bbox 294 3573 391 3637; x_wconf 89' lang='lat' dir='ltr'><strong>quum</strong></span> <span class='ocrx_word' id='word_1_273' title='bbox 419 3571 471 3616; x_wconf 89' lang='lat' dir='ltr'><strong>res</strong></span> <span class='ocrx_word' id='word_1_274' title='bbox 496 3552 595 3616; x_wconf 89' lang='lat' dir='ltr'><strong>multo</strong></span> <span class='ocrx_word' id='word_1_275' title='bbox 623 3548 768 3627; x_wconf 79' lang='lat' dir='ltr'><strong>brevius,</strong></span> <span class='ocrx_word' id='word_1_276' title='bbox 798 3571 859 3616; x_wconf 92' lang='lat' dir='ltr'><strong>nec</strong></span> <span class='ocrx_word' id='word_1_277' title='bbox 880 3553 983 3618; x_wconf 87' lang='lat' dir='ltr'><strong>minas</strong></span> <span class='ocrx_word' id='word_1_278' title='bbox 1003 3547 1197 3630; x_wconf 87' lang='lat' dir='ltr'><strong>luculenter,</strong></span> <span class='ocrx_word' id='word_1_279' title='bbox 1229 3554 1274 3619; x_wconf 88' lang='lat' dir='ltr'><strong>ita</strong></span> 
     </span>
     <span class='ocr_line' id='line_1_32' title="bbox 96 3650 1273 3744; baseline -0.001 -23"><span class='ocrx_word' id='word_1_280' title='bbox 96 3655 210 3744; x_wconf 84' lang='lat' dir='ltr'><strong>perfici</strong></span> <span class='ocrx_word' id='word_1_281' title='bbox 232 3663 354 3739; x_wconf 87' lang='lat' dir='ltr'><strong>posset.</strong></span> <span class='ocrx_word' id='word_1_282' title='bbox 382 3660 418 3716; x_wconf 93' lang='lat' dir='ltr'><strong>ut</strong></span> <span class='ocrx_word' id='word_1_283' title='bbox 447 3650 507 3718; x_wconf 83' lang='lat' dir='ltr'><strong>viri</strong></span> <span class='ocrx_word' id='word_1_284' title='bbox 529 3651 603 3717; x_wconf 91' lang='lat' dir='ltr'><strong>iusti</strong></span> <span class='ocrx_word' id='word_1_285' title='bbox 624 3651 793 3736; x_wconf 89' lang='lat' dir='ltr'><strong>iniustique</strong></span> <span class='ocrx_word' id='word_1_286' title='bbox 818 3662 963 3720; x_wconf 87' lang='lat' dir='ltr'><strong>naturam</strong></span> <span class='ocrx_word' id='word_1_287' title='bbox 983 3653 1194 3738; x_wconf 86' lang='lat' dir='ltr'><strong>describeret,</strong></span> <span class='ocrx_word' id='word_1_288' title='bbox 1221 3663 1273 3736; x_wconf 94' lang='lat' dir='ltr'><strong>et,</strong></span> 
     </span>
     <span class='ocr_line' id='line_1_33' title="bbox 99 3755 1271 3846; baseline 0 -21"><span class='ocrx_word' id='word_1_289' title='bbox 99 3781 184 3846; x_wconf 88' lang='lat' dir='ltr'><strong>qnae</strong></span> <span class='ocrx_word' id='word_1_290' title='bbox 213 3757 287 3824; x_wconf 93' lang='lat' dir='ltr'><strong>inde</strong></span> <span class='ocrx_word' id='word_1_291' title='bbox 315 3759 355 3822; x_wconf 94' lang='lat' dir='ltr'><strong>ad</strong></span> <span class='ocrx_word' id='word_1_292' title='bbox 383 3755 521 3841; x_wconf 82' lang='lat' dir='ltr'><strong>singulos</strong></span> <span class='ocrx_word' id='word_1_293' title='bbox 550 3757 635 3820; x_wconf 88' lang='lat' dir='ltr'><strong>bona</strong></span> <span class='ocrx_word' id='word_1_294' title='bbox 655 3756 799 3842; x_wconf 87' lang='lat' dir='ltr'><strong>malaque</strong></span> <span class='ocrx_word' id='word_1_295' title='bbox 820 3758 1053 3836; x_wconf 78' lang='lat' dir='ltr'><strong>redundarent,</strong></span> <span class='ocrx_word' id='word_1_296' title='bbox 1085 3757 1271 3826; x_wconf 89' lang='lat' dir='ltr'><strong>declareret.</strong></span> 
     </span>
     <span class='ocr_line' id='line_1_34' title="bbox 100 3858 1274 3944; baseline 0.002 -16"><span class='ocrx_word' id='word_1_297' title='bbox 100 3859 303 3928; x_wconf 81' lang='lat' dir='ltr'><strong>Satisiactum</strong></span> <span class='ocrx_word' id='word_1_298' title='bbox 323 3858 420 3944; x_wconf 86' lang='lat' dir='ltr'><strong>igitur</strong></span> <span class='ocrx_word' id='word_1_299' title='bbox 440 3865 508 3923; x_wconf 89' lang='lat' dir='ltr'><strong>erat</strong></span> <span class='ocrx_word' id='word_1_300' title='bbox 527 3861 567 3924; x_wconf 89' lang='lat' dir='ltr'><strong>iis</strong></span> <span class='ocrx_word' id='word_1_301' title='bbox 589 3879 670 3944; x_wconf 88' lang='lat' dir='ltr'><strong>quae</strong></span> <span class='ocrx_word' id='word_1_302' title='bbox 691 3862 940 3943; x_wconf 83' lang='lat' dir='ltr'><strong>quaerebantur,</strong></span> <span class='ocrx_word' id='word_1_303' title='bbox 971 3859 999 3928; x_wconf 90' lang='lat' dir='ltr'><strong>si</strong></span> <span class='ocrx_word' id='word_1_304' title='bbox 1028 3861 1145 3930; x_wconf 85' lang='lat' dir='ltr'><strong>iustum</strong></span> <span class='ocrx_word' id='word_1_305' title='bbox 1170 3864 1274 3930; x_wconf 72' lang='lat' dir='ltr'><strong>vuum</strong></span> 
     </span>
     <span class='ocr_line' id='line_1_35' title="bbox 101 3959 1274 4052; baseline 0 -21"><span class='ocrx_word' id='word_1_306' title='bbox 101 3964 208 4052; x_wconf 88' lang='lat' dir='ltr'><strong>(quem</strong></span> <span class='ocrx_word' id='word_1_307' title='bbox 229 3984 288 4050; x_wconf 89' lang='lat' dir='ltr'><strong>per</strong></span> <span class='ocrx_word' id='word_1_308' title='bbox 309 3983 360 4028; x_wconf 90' lang='lat' dir='ltr'><strong>me</strong></span> <span class='ocrx_word' id='word_1_309' title='bbox 381 3964 504 4046; x_wconf 84' lang='lat' dir='ltr'><strong>regium</strong></span> <span class='ocrx_word' id='word_1_310' title='bbox 524 3959 576 4028; x_wconf 82' lang='lat' dir='ltr'><strong>vel</strong></span> <span class='ocrx_word' id='word_1_311' title='bbox 595 3961 779 4048; x_wconf 87' lang='lat' dir='ltr'><strong>optimatem</strong></span> <span class='ocrx_word' id='word_1_312' title='bbox 799 3960 960 4044; x_wconf 85' lang='lat' dir='ltr'><strong>naminett)</strong></span> <span class='ocrx_word' id='word_1_313' title='bbox 983 3971 1016 4029; x_wconf 91' lang='lat' dir='ltr'><strong>et</strong></span> <span class='ocrx_word' id='word_1_314' title='bbox 1035 3965 1185 4034; x_wconf 87' lang='lat' dir='ltr'><strong>iniustum</strong></span> <span class='ocrx_word' id='word_1_315' title='bbox 1207 3965 1274 4050; x_wconf 87' lang='lat' dir='ltr'><strong>(cni</strong></span> 
     </span>
     <span class='ocr_line' id='line_1_36' title="bbox 102 4062 1275 4155; baseline -0.002 -20"><span class='ocrx_word' id='word_1_316' title='bbox 102 4088 169 4155; x_wconf 88' lang='lat' dir='ltr'><strong>que</strong></span> <span class='ocrx_word' id='word_1_317' title='bbox 189 4069 292 4133; x_wconf 86' lang='lat' dir='ltr'><strong>minus</strong></span> <span class='ocrx_word' id='word_1_318' title='bbox 312 4065 467 4152; x_wconf 76' lang='lat' dir='ltr'><strong>tyrannici</strong></span> <span class='ocrx_word' id='word_1_319' title='bbox 488 4085 602 4131; x_wconf 90' lang='lat' dir='ltr'><strong>nomen</strong></span> <span class='ocrx_word' id='word_1_320' title='bbox 623 4062 742 4132; x_wconf 89' lang='lat' dir='ltr'><strong>tribuat</strong></span> <span class='ocrx_word' id='word_1_321' title='bbox 761 4087 826 4132; x_wconf 95' lang='lat' dir='ltr'><strong>non</strong></span> <span class='ocrx_word' id='word_1_322' title='bbox 846 4067 1065 4154; x_wconf 84' lang='lat' dir='ltr'><strong>prohibemus)</strong></span> <span class='ocrx_word' id='word_1_323' title='bbox 1088 4068 1275 4154; x_wconf 88' lang='lat' dir='ltr'><strong>descripsis-</strong></span> 
     </span>
     <span class='ocr_line' id='line_1_37' title="bbox 100 4167 1274 4258; baseline -0.002 -18"><span class='ocrx_word' id='word_1_324' title='bbox 100 4178 168 4251; x_wconf 82' lang='lat' dir='ltr'><strong>set;</strong></span> <span class='ocrx_word' id='word_1_325' title='bbox 199 4173 310 4236; x_wconf 85' lang='lat' dir='ltr'><strong>abesse</strong></span> <span class='ocrx_word' id='word_1_326' title='bbox 331 4176 436 4239; x_wconf 89' lang='lat' dir='ltr'><strong>autem</strong></span> <span class='ocrx_word' id='word_1_327' title='bbox 461 4175 585 4256; x_wconf 90' lang='lat' dir='ltr'><strong>poterat</strong></span> <span class='ocrx_word' id='word_1_328' title='bbox 613 4167 678 4234; x_wconf 90' lang='lat' dir='ltr'><strong>viri</strong></span> <span class='ocrx_word' id='word_1_329' title='bbox 707 4168 906 4247; x_wconf 89' lang='lat' dir='ltr'><strong>timocratici,</strong></span> <span class='ocrx_word' id='word_1_330' title='bbox 938 4171 1135 4258; x_wconf 83' lang='lat' dir='ltr'><strong>eligarchici,</strong></span> <span class='ocrx_word' id='word_1_331' title='bbox 1166 4177 1274 4239; x_wconf 90' lang='lat' dir='ltr'><strong>demo-</strong></span> 
     </span>
     <span class='ocr_line' id='line_1_38' title="bbox 101 4271 1275 4364; baseline -0.002 -18"><span class='ocrx_word' id='word_1_332' title='bbox 101 4277 212 4346; x_wconf 87' lang='lat' dir='ltr'><strong>cratici</strong></span> <span class='ocrx_word' id='word_1_333' title='bbox 233 4271 416 4362; x_wconf 81' lang='lat' dir='ltr'><strong>descriptio,</strong></span> <span class='ocrx_word' id='word_1_334' title='bbox 443 4293 504 4342; x_wconf 92' lang='lat' dir='ltr'><strong>nec</strong></span> <span class='ocrx_word' id='word_1_335' title='bbox 533 4274 700 4362; x_wconf 92' lang='lat' dir='ltr'><strong>quicquam</strong></span> <span class='ocrx_word' id='word_1_336' title='bbox 721 4271 887 4362; x_wconf 80' lang='lat' dir='ltr'><strong>attinebat,</strong></span> <span class='ocrx_word' id='word_1_337' title='bbox 909 4271 1068 4355; x_wconf 86' lang='lat' dir='ltr'><strong>civitates,</strong></span> <span class='ocrx_word' id='word_1_338' title='bbox 1097 4298 1139 4344; x_wconf 85' lang='lat' dir='ltr'><strong>ex</strong></span> <span class='ocrx_word' id='word_1_339' title='bbox 1159 4275 1275 4364; x_wconf 82' lang='lat' dir='ltr'><strong>quibus</strong></span> 
     </span>
    </p>
   </div>
   <div class='ocr_carea' id='block_1_3' title="bbox 0 0 1666 5232">
    <p class='ocr_par' dir='ltr' id='par_1_3' title="bbox 0 0 1666 5232">
     <span class='ocr_line' id='line_1_39' title="bbox 0 0 1666 5232; baseline 0 0"><span class='ocrx_word' id='word_1_340' title='bbox 0 0 1666 5232; x_wconf 95' lang='lat' dir='ltr'><strong> </strong></span> 
     </span>
    </p>
   </div>
  </div>
 </body>
</html>
