3312 5238
890 378 1122 444 -i1i-

416 549 625 618 quaeeunque
646 529 684 597 in
706 549 884 599 sermonem
908 537 1055 602 venerint
1079 537 1265 623 pertractari
1288 536 1414 614 'soieut,
1441 556 1503 604 non
1521 559 1573 604 ser·

414 642 489 701 vato
520 633 632 704 ordine
658 643 750 702 antea
777 641 948 705 constituto
978 648 1032 704 aut
1059 639 1266 727 dispositione
1289 640 1437 728 partium.
1479 642 1574 707 Itain

415 739 548 823 singuiis
579 737 723 826 partibus
756 741 977 826 disputationis
1013 746 1177 810 Platonem
1209 745 1406 822 dissimulare
1431 745 1573 821 Menos,

415 862 568 928 quorsum
589 848 696 909 tendat
716 847 832 921 oratio,
864 865 923 910 nec
943 845 1058 914 mirum
1077 847 1222 934 proiecto
1240 850 1345 914 videri
1366 850 1477 924 dehet,
1510 850 1575 912 siin
1627 895 1628 912 .

413 945 564 1014 universo
583 967 682 1034 opere
703 948 788 1015 idem
806 948 924 1015 sactum
940 971 1009 1016 esse
1030 951 1319 1037 deprehenderis.
1318 950 1398 1018 Sed
1412 971 1573 1036 pergamus.
1627 951 1628 956 ’

412 1049 601 1132 Σκεπτέον,
624 1042 729 1119 εἶπον·
760 1057 816 1120 καὶ
839 1044 881 1131 tte
902 1077 938 1139 γε
960 1054 1114 1122 ἐντεῦθεν
1137 1051 1229 1138 ἰδεῖν,
1260 1055 1434 1168 ξυμφωνίιγ
1454 1061 1514 1122 τινὶ
1532 1057 1575 1120 καί

412 1147 556 1246 ἁρμονίᾳ
569 1159 751 1247 προσέοικε
770 1153 952 1244 μᾶλλον,’
931 1185 951 1276 ip
976 1153 1017 1223 τοὶ
1022 1153 1212 1284 πρότερον.
1257 1159 1353 1242 Πῶς,·
1375 1153 1511 1245 Κοσμός
1523 1155 1574 1224 σοί

411 1283 477 1338 τις,
508 1247 602 1342 ἦνὸ’
633 1256 712 1346 ἐγὼ,
743 1253 764 1341 ἦ
793 1254 993 1352 σωφροσύνη
1016 1262 1084 1328 ἐστὶ
1107 1267 1162 1328 καί
1184 1257 1311 1379 ἡδονῶν
1332 1263 1428 1330 τινῶν
1449 1267 1501 1328 καὶ
1522 1263 1576 1328 ἕσι-

411 1363 549 1450 θυμιῶν
572 1357 761 1453 ἐγκράτεια,
790 1354 833 1441 ὡς
856 1387 959 1490 φρσι.
985 1365 1119 1485 κρείττω
1142 1361 1182 1446 δὴ
1205 1360 1311 1432 αὑτοῦ
1333 1367 1508 1456 φαίνονται
1528 1359 1576 1430 οὐκ

411 1455 539 1533 οἶὸω“
520 1491 633 1534 οντινοι
640 1460 783 1588 τρόπον
811 1471 867 1532 καὶ
884 1461 1021 1533 ἄλλα”
999 1493 1084 1534 otro
1106 1469 1248 1548 τοιαῦτα
1270 1460 1377 1558 ὼσιιερ
1399 1469 1471 1556 ὶχνη
1492 1463 1577 1586 possit

411 1573 570 1656 λέγοντες.
580 1555 655 1652 *)³
634 1597 655 1652 η
685 1563 770 1659 γοίρ,·
805 1564 949 1638 Πάντων
976 1564 1187 1696 μρίλιστοι,’
1176 1571 1252 1663 ἐφη.
1313 1567 1441 1688 Οὐκοῦν
1468 1567 1505 1636 τὸ
1529 1578 1577 1658 μὲν
1627 1659 1628 1666 ρ

410 1674 544 1794 κρείττω
569 1667 674 1740 αὑτοῦ
694 1677 840 1759 γελοίως
864 1669 969 1764 ὁγὰρ
992 1675 1112 1742 ἑαυτοῦ
1126 1676 1351 1764 κρείττωνκαὶ
1366 1664 1473 1793 ίίττων
1487 1668 1577 1753 δήιον
1627 1679 1628 1686 ’

411 1772 453 1843 ἂν
482 1771 587 1844 αὑτοῦ
615 1777 681 1858 εἴη,
709 1781 765 1843 καὶ
794 1771 812 1842 ὁ
845 1767 951 1858 ἥττων
979 1778 1146 1868 κρείττων
1176 1773 1195 1844 ὁ
1225 1772 1326 1856 αὐτὸς
1346 1774 1412 1903 γὰρ
1434 1779 1468 1844 ἐν
1489 1768 1577 1844 ἅπασι

411 1899 543 1958 τουτοις
560 1875 873 2002 προσαγορεύεται.
902 1877 995 1947 Tti’
1021 1878 1078 1964 οὕς
1103 1877 1205 1962 Ἀλλ’,
1227 1867 1361 1962 ἦνδ’3
1346 1876 1418 1967 εγὼ,
1443 1878 1577 1972 φαίνεταί

409 2007 468 2072 μοι
488 1979 681 2070 βούλεσθαι
703 1987 807 2071 λέγειν
834 1971 973 2061 οὗτοςὸ
1002 1978 1117 2070 λόγος,
1151 2011 1194 2062 ως
1223 2008 1255 2050 τι
1284 1985 1317 2052 ἐν
1347 2008 1438 2050 αντω
1466 1985 1509 2050 toi
1533 1980 1577 2050 ἄν·
1627 1993 1628 2072 i

410 2081 542 2176 θρώπιρ
572 2092 646 2172 περὶ
671 2083 730 2168 τὴν
750 2082 863 2182 ψυχὴν
883 2082 1002 2173 coptu
1023 2087 1195 2174 βέλτιον”
1176 2112 1240 2170 ενι,
1270 2084 1365 2154 τὸδὲ
1351 2092 1511 2181 ἑχεῐρον,
1535 2090 1577 2154 καί
1627 2079 1628 2118 ³

412 2275 733 2293 m

484 2397 509 2462 ¹)
532 2401 573 2454 lin
599 2401 688 2454 iocum
706 2400 871 2463 scripsimus.
907 2399 974 2452 Nam
993 2398 1129 2452 Beiircrus
1154 2413 1201 2464 pro
1224 2399 1341 2469 ityreos
1371 2401 1434 2454 Par.
1461 2411 1490 2454 ι.
1514 2399 1577 2450 aiian

414 2490 556 2544 lectionem
580 2489 716 2559 λέγοντες
740 2492 903 2554 praescripto
927 2495 990 2540 notu
1012 2506 1058 2559 γρ.
1085 2487 1209 2542 exhihere
1229 2491 1322 2553 tradit,
1349 2473 1478 2544 Faeirsius
1503 2497 1578 2562 contra
1627 2501 1628 2562 ρ

413 2581 510 2644 syiioge
534 2593 561 2643 p.
586 2580 648 2630 299.
680 2583 707 2630 in
735 2585 808 2632 textu
835 2581 994 2650 φαίνονται
1021 2581 1048 2630 in
1074 2583 1191 2644 margine
1218 2578 1358 2648 λέγονται
1381 2587 1508 2646 scriptum
1532 2593 1577 2634 esse

415 2670 506 2722 refert.
550 2669 667 2720 Omnino
693 2668 758 2722 frisa
786 2670 829 2721 iiic
858 2657 962 2722 traaicre
989 2667 1101 2721 aiterum
1132 2672 1155 2722 ei
1186 2670 1334 2722 verosimile
1364 2683 1420 2722 uon
1450 2673 1516 2732 erit,
1543 2671 1578 2733 qui
1627 2697 1628 2744 ρ

416 2760 582 2822 reputaverit
601 2759 793 2820 proculdubio
812 2762 921 2821 utrique
940 2759 1069 2811 vocabulo
1088 2759 1205 2811 additam
1233 2758 1314 2812 inisse
1339 2767 1449 2821 notam,
1479 2775 1527 2825 qua
1549 2759 1579 2808 di·
1627 2763 1628 2770 ’

414 2861 507 2904 remae
519 2849 648 2900 lectiones
666 2851 693 2898 in
712 2851 829 2913 margine
842 2849 1004 2900 indicuntur.
1041 2847 1107 2900 Nem
1128 2851 1205 2902 aiiter
1217 2851 1281 2924 iicri
1298 2853 1339 2902 air
1359 2853 1458 2912 potuit,
1478 2858 1506 2902 nt
1521 2854 1578 2901 uter·

416 2951 470 3002 que
493 2941 533 2992 vir
557 2939 652 2989 doctus
675 2940 820 2990 variantem
842 2939 999 2998 lectionem,
1027 2939 1095 2992 aiter
1112 2939 1145 2992 ad
1163 2939 1324 3008 φαίνονται
1341 2939 1409 2990 citer
1427 2941 1462 2992 ari
1480 2940 1578 3008 ityreos

416 3028 538 3084 reiorrct.
575 3029 607 3080 ld
624 3033 714 3081 eutem
733 3028 809 3082 iccile
827 3029 885 3080 iieri
904 3033 1024 3092 poterat,
1049 3035 1079 3080 ut
1103 3029 1169 3080 altar
1187 3029 1238 3080 hoo
1256 3033 1361 3094 signum
1380 3029 1415 3082 ati
1434 3032 1577 3096 φαίνοντο
1627 3055 1628 3102 i

415 3118 554 3178 additum,
574 3119 640 3170 aiter
658 3119 691 3170 nd
710 3117 826 3186 λέγεται
844 3120 980 3181 appictum
999 3119 1143 3169 omitteret.
1180 3118 1271 3182 Quum
1289 3104 1369 3184 igitur
1387 3125 1501 3184 uterquc
1518 3120 1578 3170 tcaiii

414 3209 442 3258 iu
456 3221 488 3259 eo
502 3211 660 3267 consentiat,
681 3209 842 3273 φαίνονται
860 3214 960 3261 exstare
980 3193 1010 3257 in'
1025 3207 1092 3258 iibro
1112 3221 1174 3271 ma„
1193 3209 1246 3259 hoc
1262 3210 1304 3260 vir
1323 3222 1372 3270 pro
1392 3213 1483 3294 spurio
1502 3207 1577 3260 heberi

307 3294 310 3300 '
415 3301 524 3362 poterit,
544 3300 699 3362 praesertim
720 3309 804 3360 quum
823 3296 895 3348 idem
915 3297 1072 3350 vocabulum
1090 3301 1117 3348 in
1137 3299 1272 3362 pictisque
1286 3299 1343 3351 otiis
1357 3313 1419 3351 mss
1437 3303 1577 3362 reperietur.

415 3386 513 3450 ltaque
531 3402 623 3441 acrum
642 3388 760 3440 tradere
766 3392 830 3448 puto
848 3387 1009 3448 Beirkemm,
1029 3389 1056 3438 in
1074 3377 1190 3453 margine
1209 3402 1256 3451 pro
1268 3387 1385 3456 λέγεται
1397 3392 1578 3453 scriptumest
1627 3409 1628 3480 ρ

416 3475 568 3544 λέγοντες,
595 3477 643 3530 sed
667 3489 718 3530 neo
735 3479 844 3528 omnino
863 3475 956 3527 inicum
976 3489 1050 3540 cese,
1079 3478 1151 3542 quoti
1176 3477 1304 3530 Faehaius
1328 3477 1426 3542 retent,
1456 3467 1628 3531 etiamad

416 3567 580 3634 φαίνονται
597 3566 662 3618 iiiut
680 3583 726 3640 γρ.
750 3566 870 3617 additum
888 3568 1016 3629 inveniri,
1042 3581 1096 3632 quo
1121 3568 1252 3620 indicaret
1269 3572 1417 3630 corrector,
1444 3569 1507 3620 iiiud
1524 3563 1579 3631 φαί-

415 3675 521 3713 νονται
546 3659 698 3709 necesaario
724 3660 879 3720 requirere,
911 3669 966 3707 nou
992 3655 1108 3725 λέγεται
1132 3659 1179 3710 sed
1207 3657 1353 3725 λέγοντες.
1372 3659 1478 3712 -Faciie
1504 3663 1579 3708 auten

418 3762 505 3801 errare
525 3754 628 3812 poterat
646 3747 784 3811 lucensius.
805 3749 826 3798 si
846 3747 897 3797 hoc
916 3746 1073 3799 vocabulum
1093 3749 1128 3800 ita
1147 3751 1275 3811 scriptum
1291 3756 1347 3810 eat,
1369 3747 1579 3812 quemadmodum

418 3839 593 3892 scribisoiere
608 3843 722 3908 testetur
734 3836 807 3887 Bast.
828 3842 969 3888 comment.
989 3837 1121 3902 palaeogr.
1140 3839 1168 3894 in
1188 3837 1295 3904 (ἕτερον.
1315 3837 1435 3899 Corinth.
1457 3835 1578 3889 schacier.

417 3943 445 3994 p.
465 3927 528 3980 itt.
567 3927 734 3980 Constructio
758 3932 847 3977 eutem
872 3926 921 3977 loci
946 3925 1013 3977 haec
1038 3929 1105 3978 erit:
1133 3929 1254 4000 κρείττω
1277 3925 1312 3994 δὴ
1338 3921 1432 3980 αὑτοῦ
1452 3928 1502 3978 καὶ
1518 3919 1579 3976 ἄλλα

416 4011 493 4070 ἅττα
517 4013 645 4070 τοιαῦτα
670 4011 728 4068 οὐκ
750 4009 818 4066 ciria
840 4007 944 4070 ὅντινα
969 4012 1080 4089 τρόπον
1105 4009 1203 4089 ὥσπερ
1225 4013 1293 4084 ίχνη
1318 4011 1412 4084 αὐτῆς
1435 4016 1579 4082 φαίνονται

417 4105 567 4174 λέγοντες,
591 4105 642 4157 hoc
666 4117 760 4156 sensu:
790 4108 914 4166 apertum
939 4116 997 4157 esse
1021 4117 1066 4158 eos
1089 4105 1129 4155 iiis
1153 4105 1314 4157 dictionibus
1333 4109 1443 4170 vestigia
1462 4102 1579 4168 quaedam

418 4196 612 4258 temperantiae
631 4193 750 4249 indicere
768 4193 846 4260 reite,
864 4205 915 4248 nec
932 4199 1020 4261 temen
1039 4207 1184 4260 oppetere,
1205 4195 1429 4261 quemadmodum
1442 4195 1470 4249 it
1483 4189 1578 4254 inteiligi

418 4285 527 4340 debent.
