<?xml version="1.0" encoding="UTF-8"?>
<!DOCTYPE html PUBLIC "-//W3C//DTD XHTML 1.0 Transitional//EN"
    "http://www.w3.org/TR/xhtml1/DTD/xhtml1-transitional.dtd">
<html xmlns="http://www.w3.org/1999/xhtml" xml:lang="en" lang="en">
 <head>
  <title>
</title>
<meta http-equiv="Content-Type" content="text/html;charset=utf-8" />
  <meta name='ocr-system' content='tesseract 3.04.00' />
  <meta name='ocr-capabilities' content='ocr_page ocr_carea ocr_par ocr_line ocrx_word'/>
</head>
<body>
  <div class='ocr_page' id='page_1' title='image "./prolegomenaadpl00rettgoog_0157.png"; bbox 0 0 3298 5232; ppageno 0'>
   <div class='ocr_carea' id='block_1_1' title="bbox 872 396 1103 473">
    <p class='ocr_par' dir='ltr' id='par_1_1' title="bbox 872 396 1103 473">
     <span class='ocr_line' id='line_1_1' title="bbox 872 396 1103 473; baseline -0.026 -23"><span class='ocrx_word' id='word_1_1' title='bbox 872 429 911 450; x_wconf 81' lang='grc'>...</span> <span class='ocrx_word' id='word_1_2' title='bbox 960 396 1103 473; x_wconf 69' lang='lat'>¹1⁵6-</span> 
     </span>
    </p>
   </div>
   <div class='ocr_carea' id='block_1_2' title="bbox 319 551 1640 3659">
    <p class='ocr_par' dir='ltr' id='par_1_2' title="bbox 387 551 1575 1055">
     <span class='ocr_line' id='line_1_2' title="bbox 392 551 1572 643; baseline 0.003 -25"><span class='ocrx_word' id='word_1_3' title='bbox 392 571 461 618; x_wconf 89' lang='lat' dir='ltr'>non</span> <span class='ocrx_word' id='word_1_4' title='bbox 481 551 639 620; x_wconf 83' lang='lat' dir='ltr'>rationem</span> <span class='ocrx_word' id='word_1_5' title='bbox 660 553 822 638; x_wconf 82' lang='lat' dir='ltr'>politicum</span> <span class='ocrx_word' id='word_1_6' title='bbox 836 562 963 632; x_wconf 81' lang='lat' dir='ltr'>secutus</span> <span class='ocrx_word' id='word_1_7' title='bbox 976 564 1059 624; x_wconf 87' lang='lat' dir='ltr'>esset</span> <span class='ocrx_word' id='word_1_8' title='bbox 1071 557 1173 635; x_wconf 85' lang='lat' dir='ltr'>Plato,</span> <span class='ocrx_word' id='word_1_9' title='bbox 1199 559 1285 643; x_wconf 86' lang='lat' dir='ltr'>quod</span> <span class='ocrx_word' id='word_1_10' title='bbox 1298 561 1360 624; x_wconf 86' lang='lat' dir='ltr'>hoo</span> <span class='ocrx_word' id='word_1_11' title='bbox 1374 556 1446 624; x_wconf 90' lang='lat' dir='ltr'>loco</span> <span class='ocrx_word' id='word_1_12' title='bbox 1461 557 1572 622; x_wconf 86' lang='lat' dir='ltr'>iactum</span> 
     </span>
     <span class='ocr_line' id='line_1_3' title="bbox 394 655 1575 747; baseline 0.003 -26"><span class='ocrx_word' id='word_1_13' title='bbox 394 655 559 736; x_wconf 76' lang='lat' dir='ltr'>uidemus,</span> <span class='ocrx_word' id='word_1_14' title='bbox 588 661 645 747; x_wconf 83' lang='lat' dir='ltr'>sed</span> <span class='ocrx_word' id='word_1_15' title='bbox 672 657 851 725; x_wconf 78' lang='lat' dir='ltr'>animorum</span> <span class='ocrx_word' id='word_1_16' title='bbox 875 661 1031 727; x_wconf 84' lang='lat' dir='ltr'>diuersam</span> <span class='ocrx_word' id='word_1_17' title='bbox 1052 661 1191 728; x_wconf 87' lang='lat' dir='ltr'>indolem</span> <span class='ocrx_word' id='word_1_18' title='bbox 1212 682 1251 728; x_wconf 85' lang='lat' dir='ltr'>ac</span> <span class='ocrx_word' id='word_1_19' title='bbox 1269 659 1449 728; x_wconf 70' lang='lat' dir='ltr'>facultatem</span> <span class='ocrx_word' id='word_1_20' title='bbox 1471 681 1575 744; x_wconf 87' lang='lat' dir='ltr'>respe-</span> 
     </span>
     <span class='ocr_line' id='line_1_4' title="bbox 387 759 1575 852; baseline 0.008 -32"><span class='ocrx_word' id='word_1_21' title='bbox 387 759 506 829; x_wconf 68' lang='lat' dir='ltr'>nisset.</span> <span class='ocrx_word' id='word_1_22' title='bbox 551 765 629 828; x_wconf 80' lang='lat' dir='ltr'>Nem</span> <span class='ocrx_word' id='word_1_23' title='bbox 658 763 790 848; x_wconf 83' lang='lat' dir='ltr'>propius</span> <span class='ocrx_word' id='word_1_24' title='bbox 812 763 892 828; x_wconf 89' lang='lat' dir='ltr'>nihil</span> <span class='ocrx_word' id='word_1_25' title='bbox 914 783 984 830; x_wconf 90' lang='lat' dir='ltr'>esse</span> <span class='ocrx_word' id='word_1_26' title='bbox 1005 773 1146 852; x_wconf 90' lang='lat' dir='ltr'>poterat,</span> <span class='ocrx_word' id='word_1_27' title='bbox 1176 786 1289 852; x_wconf 88' lang='lat' dir='ltr'>quam,</span> <span class='ocrx_word' id='word_1_28' title='bbox 1321 787 1421 850; x_wconf 85' lang='lat' dir='ltr'>quum</span> <span class='ocrx_word' id='word_1_29' title='bbox 1442 773 1575 851; x_wconf 88' lang='lat' dir='ltr'>quatuor</span> 
     </span>
     <span class='ocr_line' id='line_1_5' title="bbox 393 862 1574 954; baseline 0.005 -26"><span class='ocrx_word' id='word_1_30' title='bbox 393 862 545 931; x_wconf 81' lang='lat' dir='ltr'>virtutum</span> <span class='ocrx_word' id='word_1_31' title='bbox 567 887 687 950; x_wconf 83' lang='lat' dir='ltr'>genera</span> <span class='ocrx_word' id='word_1_32' title='bbox 709 887 778 932; x_wconf 89' lang='lat' dir='ltr'>esse</span> <span class='ocrx_word' id='word_1_33' title='bbox 801 866 974 948; x_wconf 81' lang='lat' dir='ltr'><strong>sumsisset,</strong></span> <span class='ocrx_word' id='word_1_34' title='bbox 996 869 1046 936; x_wconf 89' lang='lat' dir='ltr'>his</span> <span class='ocrx_word' id='word_1_35' title='bbox 1068 878 1205 954; x_wconf 73' lang='lat' dir='ltr'>quantuor</span> <span class='ocrx_word' id='word_1_36' title='bbox 1218 869 1379 935; x_wconf 80' lang='lat' dir='ltr'>uitiorum</span> <span class='ocrx_word' id='word_1_37' title='bbox 1399 889 1520 954; x_wconf 77' lang='lat' dir='ltr'>genera</span> <span class='ocrx_word' id='word_1_38' title='bbox 1539 891 1574 934; x_wconf 86' lang='lat' dir='ltr'>ex</span> 
     </span>
     <span class='ocr_line' id='line_1_6' title="bbox 395 967 1392 1055; baseline -0.004 -17"><span class='ocrx_word' id='word_1_39' title='bbox 395 967 530 1038; x_wconf 78' lang='lat' dir='ltr'>aduerso</span> <span class='ocrx_word' id='word_1_40' title='bbox 552 990 683 1055; x_wconf 88' lang='lat' dir='ltr'>ponere.</span> <span class='ocrx_word' id='word_1_41' title='bbox 728 975 791 1038; x_wconf 87' lang='lat' dir='ltr'>Sed</span> <span class='ocrx_word' id='word_1_42' title='bbox 815 976 854 1037; x_wconf 87' lang='lat' dir='ltr'>de</span> <span class='ocrx_word' id='word_1_43' title='bbox 875 974 925 1037; x_wconf 91' lang='lat' dir='ltr'>his</span> <span class='ocrx_word' id='word_1_44' title='bbox 946 971 1010 1038; x_wconf 90' lang='lat' dir='ltr'>iam</span> <span class='ocrx_word' id='word_1_45' title='bbox 1032 975 1108 1038; x_wconf 84' lang='lat' dir='ltr'>satis</span> <span class='ocrx_word' id='word_1_46' title='bbox 1131 981 1223 1038; x_wconf 86' lang='lat' dir='ltr'>antea</span> <span class='ocrx_word' id='word_1_47' title='bbox 1244 972 1392 1038; x_wconf 80' lang='lat' dir='ltr'>diximus.</span> 
     </span>
    </p>

    <p class='ocr_par' dir='ltr' id='par_1_3' title="bbox 385 1073 1640 3450">
     <span class='ocr_line' id='line_1_7' title="bbox 479 1073 1574 1161; baseline 0.004 -23"><span class='ocrx_word' id='word_1_48' title='bbox 479 1077 551 1140; x_wconf 83' lang='lat' dir='ltr'>Non</span> <span class='ocrx_word' id='word_1_49' title='bbox 579 1073 809 1160; x_wconf 36' lang='lat' dir='ltr'>negligendum*</span> <span class='ocrx_word' id='word_1_50' title='bbox 836 1096 915 1142; x_wconf 90' lang='lat' dir='ltr'>vero</span> <span class='ocrx_word' id='word_1_51' title='bbox 953 1077 1041 1161; x_wconf 87' lang='lat' dir='ltr'>quod</span> <span class='ocrx_word' id='word_1_52' title='bbox 1075 1097 1159 1144; x_wconf 85' lang='lat' dir='ltr'>nova</span> <span class='ocrx_word' id='word_1_53' title='bbox 1193 1079 1274 1142; x_wconf 88' lang='lat' dir='ltr'>haee</span> <span class='ocrx_word' id='word_1_54' title='bbox 1300 1075 1376 1144; x_wconf 85' lang='lat' dir='ltr'>libri</span> <span class='ocrx_word' id='word_1_55' title='bbox 1406 1077 1510 1161; x_wconf 87' lang='lat' dir='ltr'>quinti</span> <span class='ocrx_word' id='word_1_56' title='bbox 1540 1079 1574 1142; x_wconf 85' lang='lat' dir='ltr'>de</span> 
     </span>
     <span class='ocr_line' id='line_1_8' title="bbox 393 1174 1576 1265; baseline 0.001 -21"><span class='ocrx_word' id='word_1_57' title='bbox 393 1174 558 1262; x_wconf 82' lang='lat' dir='ltr'>republica</span> <span class='ocrx_word' id='word_1_58' title='bbox 590 1180 761 1265; x_wconf 88' lang='lat' dir='ltr'>disputatio</span> <span class='ocrx_word' id='word_1_59' title='bbox 793 1182 834 1244; x_wconf 88' lang='lat' dir='ltr'>ab</span> <span class='ocrx_word' id='word_1_60' title='bbox 871 1182 1056 1256; x_wconf 78' lang='lat' dir='ltr'>Adimanto,</span> <span class='ocrx_word' id='word_1_61' title='bbox 1092 1180 1318 1256; x_wconf 86' lang='lat' dir='ltr'>Polemarcho,</span> <span class='ocrx_word' id='word_1_62' title='bbox 1351 1179 1518 1245; x_wconf 82' lang='lat' dir='ltr'>Glaucone</span> <span class='ocrx_word' id='word_1_63' title='bbox 1549 1189 1576 1245; x_wconf 92' lang='lat' dir='ltr'>et</span> 
     </span>
     <span class='ocr_line' id='line_1_9' title="bbox 394 1279 1575 1375; baseline 0.003 -29"><span class='ocrx_word' id='word_1_64' title='bbox 394 1280 647 1367; x_wconf 72' lang='lat' dir='ltr'>Thrasymacho,</span> <span class='ocrx_word' id='word_1_65' title='bbox 676 1282 731 1368; x_wconf 82' lang='lat' dir='ltr'>qui</span> <span class='ocrx_word' id='word_1_66' title='bbox 756 1282 842 1350; x_wconf 91' lang='lat' dir='ltr'>idem</span> <span class='ocrx_word' id='word_1_67' title='bbox 865 1304 976 1349; x_wconf 90' lang='lat' dir='ltr'>omnes</span> <span class='ocrx_word' id='word_1_68' title='bbox 1001 1283 1082 1350; x_wconf 90' lang='lat' dir='ltr'>velle</span> <span class='ocrx_word' id='word_1_69' title='bbox 1104 1283 1309 1370; x_wconf 79' lang='lat' dir='ltr'>pronunciat,</span> <span class='ocrx_word' id='word_1_70' title='bbox 1335 1279 1489 1370; x_wconf 79' lang='grc' dir='ltr'><strong><em>Ἀμέλει,</em></strong></span> <span class='ocrx_word' id='word_1_71' title='bbox 1516 1283 1575 1375; x_wconf 76' lang='grc' dir='ltr'>ἔφη</span> 
     </span>
     <span class='ocr_line' id='line_1_10' title="bbox 387 1378 1576 1474; baseline 0.002 -24"><span class='ocrx_word' id='word_1_72' title='bbox 387 1378 411 1450; x_wconf 35' lang='grc' dir='ltr'>,ὁ</span> <span class='ocrx_word' id='word_1_73' title='bbox 439 1381 675 1474; x_wconf 75' lang='grc' dir='ltr'><em>Θρασύμαχος,</em></span> <span class='ocrx_word' id='word_1_74' title='bbox 694 1387 777 1456; x_wconf 81' lang='grc' dir='ltr'><strong><em>πᾶσι</em></strong></span> <span class='ocrx_word' id='word_1_75' title='bbox 799 1388 905 1454; x_wconf 69' lang='grc' dir='ltr'><strong><em>ταῦτα</em></strong></span> <span class='ocrx_word' id='word_1_76' title='bbox 928 1390 1107 1473; x_wconf 77' lang='grc' dir='ltr'><em>δεδογμένα</em></span> <span class='ocrx_word' id='word_1_77' title='bbox 1123 1382 1201 1474; x_wconf 79' lang='grc' dir='ltr'><strong><em>ἡμῖν</em></strong></span> <span class='ocrx_word' id='word_1_78' title='bbox 1214 1382 1334 1472; x_wconf 77' lang='grc' dir='ltr'><strong><em>νόμιζε,</em></strong></span> <span class='ocrx_word' id='word_1_79' title='bbox 1357 1389 1448 1472; x_wconf 80' lang='lat' dir='ltr'>quasi</span> <span class='ocrx_word' id='word_1_80' title='bbox 1468 1389 1576 1452; x_wconf 87' lang='lat' dir='ltr'>coniu-</span> 
     </span>
     <span class='ocr_line' id='line_1_11' title="bbox 387 1490 1575 1576; baseline -0.003 -18"><span class='ocrx_word' id='word_1_81' title='bbox 387 1490 518 1558; x_wconf 78' lang='lat' dir='ltr'>ratione</span> <span class='ocrx_word' id='word_1_82' title='bbox 542 1491 638 1567; x_wconf 83' lang='lat' dir='ltr'>laeta,</span> <span class='ocrx_word' id='word_1_83' title='bbox 662 1499 821 1569; x_wconf 88' lang='lat' dir='ltr'>movetur,</span> <span class='ocrx_word' id='word_1_84' title='bbox 844 1491 1025 1558; x_wconf 58' lang='lat' dir='ltr'>‘reluctante</span> <span class='ocrx_word' id='word_1_85' title='bbox 1050 1493 1190 1557; x_wconf 83' lang='lat' dir='ltr'>Socrate.</span> <span class='ocrx_word' id='word_1_86' title='bbox 1233 1493 1313 1556; x_wconf 87' lang='lat' dir='ltr'>Nam</span> <span class='ocrx_word' id='word_1_87' title='bbox 1335 1493 1413 1556; x_wconf 88' lang='lat' dir='ltr'>haee</span> <span class='ocrx_word' id='word_1_88' title='bbox 1434 1493 1505 1576; x_wconf 88' lang='lat' dir='ltr'>ipsa</span> <span class='ocrx_word' id='word_1_89' title='bbox 1528 1512 1575 1556; x_wconf 87' lang='lat' dir='ltr'>res</span> 
     </span>
     <span class='ocr_line' id='line_1_12' title="bbox 393 1581 1572 1680; baseline 0 -22"><span class='ocrx_word' id='word_1_90' title='bbox 393 1593 780 1662; x_wconf 84' lang='lat' dir='ltr'>adiuvutsimulationem</span> <span class='ocrx_word' id='word_1_91' title='bbox 810 1587 862 1662; x_wconf 86' lang='lat' dir='ltr'>oui</span> <span class='ocrx_word' id='word_1_92' title='bbox 893 1603 995 1662; x_wconf 89' lang='lat' dir='ltr'>totum</span> <span class='ocrx_word' id='word_1_93' title='bbox 1021 1617 1102 1679; x_wconf 92' lang='lat' dir='ltr'>opus</span> <span class='ocrx_word' id='word_1_94' title='bbox 1127 1604 1276 1680; x_wconf 84' lang='lat' dir='ltr'>tunquam</span> <span class='ocrx_word' id='word_1_95' title='bbox 1296 1581 1484 1660; x_wconf 83' lang='lat' dir='ltr'>¹inuolutum</span> <span class='ocrx_word' id='word_1_96' title='bbox 1519 1603 1572 1659; x_wconf 90' lang='lat' dir='ltr'>est.</span> 
     </span>
     <span class='ocr_line' id='line_1_13' title="bbox 389 1699 1575 1786; baseline 0.001 -23"><span class='ocrx_word' id='word_1_97' title='bbox 389 1699 542 1772; x_wconf 81' lang='lat' dir='ltr'>¹Socrates</span> <span class='ocrx_word' id='word_1_98' title='bbox 571 1700 673 1776; x_wconf 66' lang='lat' dir='ltr'>eum,</span> <span class='ocrx_word' id='word_1_99' title='bbox 703 1701 794 1766; x_wconf 87' lang='lat' dir='ltr'>cuius</span> <span class='ocrx_word' id='word_1_100' title='bbox 818 1699 1009 1786; x_wconf 72' lang='lat' dir='ltr'>praecipuae</span> <span class='ocrx_word' id='word_1_101' title='bbox 1038 1700 1185 1768; x_wconf 88' lang='lat' dir='ltr'>inomni</span> <span class='ocrx_word' id='word_1_102' title='bbox 1212 1702 1275 1764; x_wconf 84' lang='lat' dir='ltr'>hoc</span> <span class='ocrx_word' id='word_1_103' title='bbox 1298 1719 1445 1764; x_wconf 88' lang='lat' dir='ltr'>sermone</span> <span class='ocrx_word' id='word_1_104' title='bbox 1470 1706 1575 1782; x_wconf 85' lang='lat' dir='ltr'>partes</span> 
     </span>
     <span class='ocr_line' id='line_1_14' title="bbox 394 1801 1576 1890; baseline 0.002 -24"><span class='ocrx_word' id='word_1_105' title='bbox 394 1808 476 1888; x_wconf 84' lang='lat' dir='ltr'>sunt,</span> <span class='ocrx_word' id='word_1_106' title='bbox 498 1824 563 1868; x_wconf 92' lang='lat' dir='ltr'>non</span> <span class='ocrx_word' id='word_1_107' title='bbox 585 1801 711 1870; x_wconf 88' lang='lat' dir='ltr'>videtur</span> <span class='ocrx_word' id='word_1_108' title='bbox 729 1803 894 1870; x_wconf 87' lang='lat' dir='ltr'>discedere</span> <span class='ocrx_word' id='word_1_109' title='bbox 911 1806 952 1869; x_wconf 84' lang='lat' dir='ltr'>ab</span> <span class='ocrx_word' id='word_1_110' title='bbox 976 1823 1015 1869; x_wconf 89' lang='lat' dir='ltr'>eo</span> <span class='ocrx_word' id='word_1_111' title='bbox 1036 1807 1122 1890; x_wconf 90' lang='lat' dir='ltr'>quod</span> <span class='ocrx_word' id='word_1_112' title='bbox 1145 1823 1179 1868; x_wconf 90' lang='lat' dir='ltr'>se</span> <span class='ocrx_word' id='word_1_113' title='bbox 1196 1823 1352 1889; x_wconf 86' lang='lat' dir='ltr'>quaerere</span> <span class='ocrx_word' id='word_1_114' title='bbox 1373 1801 1458 1868; x_wconf 81' lang='lat' dir='ltr'>uelle</span> <span class='ocrx_word' id='word_1_115' title='bbox 1482 1804 1576 1868; x_wconf 87' lang='lat' dir='ltr'>simu-</span> 
     </span>
     <span class='ocr_line' id='line_1_15' title="bbox 391 1904 1575 1984; baseline -0.001 -13"><span class='ocrx_word' id='word_1_116' title='bbox 391 1904 529 1983; x_wconf 86' lang='lat' dir='ltr'>laverat,</span> <span class='ocrx_word' id='word_1_117' title='bbox 561 1908 588 1975; x_wconf 87' lang='lat' dir='ltr'>si</span> <span class='ocrx_word' id='word_1_118' title='bbox 620 1907 738 1974; x_wconf 83' lang='lat' dir='ltr'>invitus</span> <span class='ocrx_word' id='word_1_119' title='bbox 761 1916 795 1974; x_wconf 86' lang='lat' dir='ltr'>et</span> <span class='ocrx_word' id='word_1_120' title='bbox 822 1907 1001 1984; x_wconf 82' lang='lat' dir='ltr'>reluctans,</span> <span class='ocrx_word' id='word_1_121' title='bbox 1039 1910 1079 1972; x_wconf 89' lang='lat' dir='ltr'>ab</span> <span class='ocrx_word' id='word_1_122' title='bbox 1109 1905 1178 1973; x_wconf 85' lang='lat' dir='ltr'>aliis</span> <span class='ocrx_word' id='word_1_123' title='bbox 1208 1909 1248 1972; x_wconf 87' lang='lat' dir='ltr'>ad</span> <span class='ocrx_word' id='word_1_124' title='bbox 1273 1906 1370 1972; x_wconf 82' lang='lat' dir='ltr'>alium</span> <span class='ocrx_word' id='word_1_125' title='bbox 1395 1925 1575 1972; x_wconf 86' lang='lat' dir='ltr'>sermonem</span> 
     </span>
     <span class='ocr_line' id='line_1_16' title="bbox 392 2009 1575 2097; baseline -0.003 -21"><span class='ocrx_word' id='word_1_126' title='bbox 392 2010 604 2096; x_wconf 86' lang='lat' dir='ltr'>protrahitur,</span> <span class='ocrx_word' id='word_1_127' title='bbox 637 2019 668 2077; x_wconf 92' lang='lat' dir='ltr'>et</span> <span class='ocrx_word' id='word_1_128' title='bbox 696 2032 801 2078; x_wconf 89' lang='lat' dir='ltr'>sermo</span> <span class='ocrx_word' id='word_1_129' title='bbox 827 2014 871 2076; x_wconf 90' lang='lat' dir='ltr'>itn</span> <span class='ocrx_word' id='word_1_130' title='bbox 890 2019 982 2076; x_wconf 86' lang='lat' dir='ltr'>natus</span> <span class='ocrx_word' id='word_1_131' title='bbox 1006 2011 1141 2094; x_wconf 89' lang='lat' dir='ltr'>episodii</span> <span class='ocrx_word' id='word_1_132' title='bbox 1168 2011 1305 2097; x_wconf 88' lang='lat' dir='ltr'>speeiem</span> <span class='ocrx_word' id='word_1_133' title='bbox 1329 2012 1443 2076; x_wconf 86' lang='lat' dir='ltr'>induit.</span> <span class='ocrx_word' id='word_1_134' title='bbox 1490 2009 1575 2076; x_wconf 88' lang='lat' dir='ltr'>Unde</span> 
     </span>
     <span class='ocr_line' id='line_1_17' title="bbox 390 2112 1575 2201; baseline 0 -23"><span class='ocrx_word' id='word_1_135' title='bbox 390 2112 508 2181; x_wconf 85' lang='lat' dir='ltr'>factum</span> <span class='ocrx_word' id='word_1_136' title='bbox 540 2123 607 2194; x_wconf 88' lang='lat' dir='ltr'>est,</span> <span class='ocrx_word' id='word_1_137' title='bbox 627 2123 675 2180; x_wconf 80' lang='lat' dir='ltr'>nt</span> <span class='ocrx_word' id='word_1_138' title='bbox 695 2115 839 2201; x_wconf 89' lang='lat' dir='ltr'>plerique</span> <span class='ocrx_word' id='word_1_139' title='bbox 864 2117 1055 2198; x_wconf 81' lang='lat' dir='ltr'>interpretes</span> <span class='ocrx_word' id='word_1_140' title='bbox 1084 2114 1165 2180; x_wconf 88' lang='lat' dir='ltr'>hano</span> <span class='ocrx_word' id='word_1_141' title='bbox 1185 2118 1347 2185; x_wconf 79' lang='lat' dir='ltr'>sermonis</span> <span class='ocrx_word' id='word_1_142' title='bbox 1367 2121 1492 2201; x_wconf 86' lang='lat' dir='ltr'>partem</span> <span class='ocrx_word' id='word_1_143' title='bbox 1519 2133 1575 2197; x_wconf 90' lang='lat' dir='ltr'>pro</span> 
     </span>
     <span class='ocr_line' id='line_1_18' title="bbox 390 2215 1576 2304; baseline -0.002 -22"><span class='ocrx_word' id='word_1_144' title='bbox 390 2237 468 2288; x_wconf 82' lang='lat' dir='ltr'>vero</span> <span class='ocrx_word' id='word_1_145' title='bbox 483 2215 627 2300; x_wconf 86' lang='lat' dir='ltr'>episodio</span> <span class='ocrx_word' id='word_1_146' title='bbox 650 2218 912 2300; x_wconf 52' lang='lat' dir='ltr'>haherentsaut,</span> <span class='ocrx_word' id='word_1_147' title='bbox 933 2237 999 2284; x_wconf 91' lang='lat' dir='ltr'>non</span> <span class='ocrx_word' id='word_1_148' title='bbox 1019 2218 1180 2285; x_wconf 86' lang='lat' dir='ltr'>intellecto</span> <span class='ocrx_word' id='word_1_149' title='bbox 1199 2219 1295 2284; x_wconf 88' lang='lat' dir='ltr'>totius</span> <span class='ocrx_word' id='word_1_150' title='bbox 1316 2218 1422 2304; x_wconf 88' lang='lat' dir='ltr'>operis</span> <span class='ocrx_word' id='word_1_151' title='bbox 1441 2215 1576 2282; x_wconf 86' lang='lat' dir='ltr'>artifieio</span> 
     </span>
     <span class='ocr_line' id='line_1_19' title="bbox 385 2320 1577 2409; baseline -0.002 -23"><span class='ocrx_word' id='word_1_152' title='bbox 385 2328 422 2386; x_wconf 88' lang='lat' dir='ltr'>et</span> <span class='ocrx_word' id='word_1_153' title='bbox 449 2324 781 2408; x_wconf 71' lang='lat' dir='ltr'>constructioneque</span> <span class='ocrx_word' id='word_1_154' title='bbox 807 2344 890 2409; x_wconf 87' lang='lat' dir='ltr'>quae</span> <span class='ocrx_word' id='word_1_155' title='bbox 910 2322 994 2388; x_wconf 89' lang='lat' dir='ltr'>libro</span> <span class='ocrx_word' id='word_1_156' title='bbox 1021 2322 1159 2408; x_wconf 79' lang='lat' dir='ltr'>quinto,</span> <span class='ocrx_word' id='word_1_157' title='bbox 1180 2329 1289 2396; x_wconf 82' lang='lat' dir='ltr'>sexto,</span> <span class='ocrx_word' id='word_1_158' title='bbox 1314 2321 1452 2408; x_wconf 88' lang='lat' dir='ltr'>septimo</span> <span class='ocrx_word' id='word_1_159' title='bbox 1477 2320 1577 2385; x_wconf 90' lang='lat' dir='ltr'>conti·</span> 
     </span>
     <span class='ocr_line' id='line_1_20' title="bbox 390 2423 1577 2512; baseline -0.001 -21"><span class='ocrx_word' id='word_1_160' title='bbox 390 2433 515 2501; x_wconf 87' lang='lat' dir='ltr'>nentur,</span> <span class='ocrx_word' id='word_1_161' title='bbox 545 2425 587 2492; x_wconf 83' lang='lat' dir='ltr'>ad</span> <span class='ocrx_word' id='word_1_162' title='bbox 612 2423 807 2496; x_wconf 81' lang='lat' dir='ltr'>absolvenda</span> <span class='ocrx_word' id='word_1_163' title='bbox 832 2436 864 2492; x_wconf 91' lang='lat' dir='ltr'>et</span> <span class='ocrx_word' id='word_1_164' title='bbox 887 2425 1083 2511; x_wconf 84' lang='lat' dir='ltr'>perficienda</span> <span class='ocrx_word' id='word_1_165' title='bbox 1106 2447 1163 2505; x_wconf 89' lang='lat' dir='ltr'>ea,</span> <span class='ocrx_word' id='word_1_166' title='bbox 1195 2447 1277 2512; x_wconf 85' lang='lat' dir='ltr'>quae</span> <span class='ocrx_word' id='word_1_167' title='bbox 1305 2425 1408 2490; x_wconf 85' lang='lat' dir='ltr'>adbuc</span> <span class='ocrx_word' id='word_1_168' title='bbox 1433 2427 1475 2490; x_wconf 84' lang='lat' dir='ltr'>de</span> <span class='ocrx_word' id='word_1_169' title='bbox 1502 2426 1577 2490; x_wconf 89' lang='lat' dir='ltr'>civi·</span> 
     </span>
     <span class='ocr_line' id='line_1_21' title="bbox 390 2527 1576 2616; baseline -0.002 -20"><span class='ocrx_word' id='word_1_170' title='bbox 390 2537 456 2596; x_wconf 86' lang='lat' dir='ltr'>tate</span> <span class='ocrx_word' id='word_1_171' title='bbox 481 2529 566 2596; x_wconf 85' lang='lat' dir='ltr'>diota</span> <span class='ocrx_word' id='word_1_172' title='bbox 592 2540 682 2608; x_wconf 90' lang='lat' dir='ltr'>sunt,</span> <span class='ocrx_word' id='word_1_173' title='bbox 709 2532 889 2597; x_wconf 87' lang='lat' dir='ltr'>necessaria</span> <span class='ocrx_word' id='word_1_174' title='bbox 913 2530 1080 2608; x_wconf 89' lang='lat' dir='ltr'>videntur,</span> <span class='ocrx_word' id='word_1_175' title='bbox 1111 2552 1171 2596; x_wconf 91' lang='lat' dir='ltr'>nec</span> <span class='ocrx_word' id='word_1_176' title='bbox 1195 2533 1309 2594; x_wconf 90' lang='lat' dir='ltr'>abesse</span> <span class='ocrx_word' id='word_1_177' title='bbox 1333 2536 1486 2616; x_wconf 88' lang='lat' dir='ltr'>possunt,</span> <span class='ocrx_word' id='word_1_178' title='bbox 1518 2527 1576 2594; x_wconf 90' lang='lat' dir='ltr'>nisi</span> 
     </span>
     <span class='ocr_line' id='line_1_22' title="bbox 391 2619 1577 2726; baseline -0.003 -26"><span class='ocrx_word' id='word_1_179' title='bbox 391 2653 540 2706; x_wconf 83' lang='lat' dir='ltr'>mancum</span> <span class='ocrx_word' id='word_1_180' title='bbox 565 2619 841 2718; x_wconf 84' lang='lat' dir='ltr'>et·imperleotun1</span> <span class='ocrx_word' id='word_1_181' title='bbox 866 2634 1000 2726; x_wconf 82' lang='lat' dir='ltr'>velimus</span> <span class='ocrx_word' id='word_1_182' title='bbox 1026 2653 1104 2701; x_wconf 86' lang='lat' dir='ltr'>esse</span> <span class='ocrx_word' id='word_1_183' title='bbox 1118 2642 1220 2700; x_wconf 89' lang='lat' dir='ltr'>totum</span> <span class='ocrx_word' id='word_1_184' title='bbox 1244 2654 1337 2717; x_wconf 89' lang='lat' dir='ltr'>opus,</span> <span class='ocrx_word' id='word_1_185' title='bbox 1362 2631 1459 2718; x_wconf 86' lang='lat' dir='ltr'>idque</span> <span class='ocrx_word' id='word_1_186' title='bbox 1484 2654 1577 2698; x_wconf 87' lang='lat' dir='ltr'>orna·</span> 
     </span>
     <span class='ocr_line' id='line_1_23' title="bbox 390 2736 1576 2825; baseline -0.006 -18"><span class='ocrx_word' id='word_1_187' title='bbox 390 2745 500 2807; x_wconf 87' lang='lat' dir='ltr'>mento</span> <span class='ocrx_word' id='word_1_188' title='bbox 524 2737 739 2825; x_wconf 86' lang='lat' dir='ltr'>pulcherrimo</span> <span class='ocrx_word' id='word_1_189' title='bbox 765 2742 913 2823; x_wconf 87' lang='lat' dir='ltr'>privare,</span> <span class='ocrx_word' id='word_1_190' title='bbox 940 2771 977 2785; x_wconf 86' lang='lat'>-</span> <span class='ocrx_word' id='word_1_191' title='bbox 999 2760 1073 2804; x_wconf 89' lang='lat' dir='ltr'>nam</span> <span class='ocrx_word' id='word_1_192' title='bbox 1095 2737 1169 2804; x_wconf 86' lang='lat' dir='ltr'>idea</span> <span class='ocrx_word' id='word_1_193' title='bbox 1195 2736 1272 2803; x_wconf 90' lang='lat' dir='ltr'>boni</span> <span class='ocrx_word' id='word_1_194' title='bbox 1293 2739 1326 2803; x_wconf 92' lang='lat' dir='ltr'>in</span> <span class='ocrx_word' id='word_1_195' title='bbox 1351 2739 1401 2802; x_wconf 90' lang='lat' dir='ltr'>his</span> <span class='ocrx_word' id='word_1_196' title='bbox 1427 2736 1520 2802; x_wconf 91' lang='lat' dir='ltr'>libris</span> <span class='ocrx_word' id='word_1_197' title='bbox 1545 2739 1576 2801; x_wconf 92' lang='lat' dir='ltr'>in</span> 
     </span>
     <span class='ocr_line' id='line_1_24' title="bbox 389 2839 1577 2929; baseline -0.003 -21"><span class='ocrx_word' id='word_1_198' title='bbox 389 2839 529 2908; x_wconf 84' lang='lat' dir='ltr'>institiae</span> <span class='ocrx_word' id='word_1_199' title='bbox 553 2840 659 2909; x_wconf 81' lang='lat' dir='ltr'>locum</span> <span class='ocrx_word' id='word_1_200' title='bbox 679 2846 837 2920; x_wconf 84' lang='lat' dir='ltr'>succedit,</span> <span class='ocrx_word' id='word_1_201' title='bbox 866 2864 907 2909; x_wconf 83' lang='lat' dir='ltr'>er</span> <span class='ocrx_word' id='word_1_202' title='bbox 930 2863 1121 2929; x_wconf 85' lang='lat' dir='ltr'>eaqnenon</span> <span class='ocrx_word' id='word_1_203' title='bbox 1149 2841 1252 2909; x_wconf 87' lang='lat' dir='ltr'>solnm</span> <span class='ocrx_word' id='word_1_204' title='bbox 1277 2839 1397 2907; x_wconf 87' lang='lat' dir='ltr'>iustitia</span> <span class='ocrx_word' id='word_1_205' title='bbox 1417 2843 1488 2924; x_wconf 86' lang='lat' dir='ltr'>ipsa</span> <span class='ocrx_word' id='word_1_206' title='bbox 1515 2843 1577 2906; x_wconf 90' lang='lat' dir='ltr'>ori-</span> 
     </span>
     <span class='ocr_line' id='line_1_25' title="bbox 389 2944 1576 3032; baseline -0.001 -22"><span class='ocrx_word' id='word_1_207' title='bbox 389 2944 497 3029; x_wconf 77' lang='lat' dir='ltr'>ginem</span> <span class='ocrx_word' id='word_1_208' title='bbox 523 2948 638 3020; x_wconf 88' lang='lat' dir='ltr'>habet,</span> <span class='ocrx_word' id='word_1_209' title='bbox 664 2946 725 3013; x_wconf 88' lang='lat' dir='ltr'>sed</span> <span class='ocrx_word' id='word_1_210' title='bbox 756 2949 899 3032; x_wconf 81' lang='lat' dir='ltr'>perlecta</span> <span class='ocrx_word' id='word_1_211' title='bbox 929 2950 1023 3013; x_wconf 84' lang='lat' dir='ltr'>etiam</span> <span class='ocrx_word' id='word_1_212' title='bbox 1048 2949 1173 3024; x_wconf 83' lang='lat' dir='ltr'>civitas,</span> <span class='ocrx_word' id='word_1_213' title='bbox 1207 2952 1356 3030; x_wconf 79' lang='lat' dir='ltr'>surgente</span> <span class='ocrx_word' id='word_1_214' title='bbox 1380 2965 1511 3029; x_wconf 85' lang='lat' dir='ltr'>semper</span> <span class='ocrx_word' id='word_1_215' title='bbox 1537 2945 1576 3009; x_wconf 88' lang='lat' dir='ltr'>ad</span> 
     </span>
     <span class='ocr_line' id='line_1_26' title="bbox 390 3049 1576 3135; baseline -0.003 -18"><span class='ocrx_word' id='word_1_216' title='bbox 390 3049 504 3118; x_wconf 81' lang='lat' dir='ltr'>altiore</span> <span class='ocrx_word' id='word_1_217' title='bbox 530 3054 701 3128; x_wconf 86' lang='lat' dir='ltr'>oratione,</span> <span class='ocrx_word' id='word_1_218' title='bbox 739 3055 780 3117; x_wconf 87' lang='lat' dir='ltr'>ad</span> <span class='ocrx_word' id='word_1_219' title='bbox 808 3073 879 3117; x_wconf 86' lang='lat' dir='ltr'>earn</span> <span class='ocrx_word' id='word_1_220' title='bbox 908 3051 1116 3134; x_wconf 81' lang='lat' dir='ltr'>describenda</span> <span class='ocrx_word' id='word_1_221' title='bbox 1141 3049 1333 3135; x_wconf 91' lang='lat' dir='ltr'>philosopho</span> <span class='ocrx_word' id='word_1_222' title='bbox 1358 3050 1505 3125; x_wconf 85' lang='lat' dir='ltr'>videtur,</span> <span class='ocrx_word' id='word_1_223' title='bbox 1535 3083 1576 3096; x_wconf 95' lang='lat'>—</span> 
     </span>
     <span class='ocr_line' id='line_1_27' title="bbox 388 3147 1640 3242; baseline 0.001 -23"><span class='ocrx_word' id='word_1_224' title='bbox 388 3174 503 3236; x_wconf 91' lang='lat' dir='ltr'>parum</span> <span class='ocrx_word' id='word_1_225' title='bbox 523 3163 690 3241; x_wconf 87' lang='lat' dir='ltr'>praeterea</span> <span class='ocrx_word' id='word_1_226' title='bbox 715 3175 892 3232; x_wconf 84' lang='lat' dir='ltr'>memores,</span> <span class='ocrx_word' id='word_1_227' title='bbox 925 3155 1012 3242; x_wconf 87' lang='lat' dir='ltr'>quod</span> <span class='ocrx_word' id='word_1_228' title='bbox 1035 3164 1100 3222; x_wconf 87' lang='lat' dir='ltr'>tum</span> <span class='ocrx_word' id='word_1_229' title='bbox 1125 3154 1289 3240; x_wconf 82' lang='lat' dir='ltr'>egregium</span> <span class='ocrx_word' id='word_1_230' title='bbox 1312 3173 1392 3240; x_wconf 87' lang='lat' dir='ltr'>opus</span> <span class='ocrx_word' id='word_1_231' title='bbox 1417 3173 1484 3218; x_wconf 92' lang='lat' dir='ltr'>non</span> <span class='ocrx_word' id='word_1_232' title='bbox 1510 3153 1577 3220; x_wconf 83' lang='lat' dir='ltr'>frn-</span> <span class='ocrx_word' id='word_1_233' title='bbox 1639 3147 1640 3178; x_wconf 67' lang='lat'>³</span> 
     </span>
     <span class='ocr_line' id='line_1_28' title="bbox 390 3254 1640 3352; baseline -0.006 -25"><span class='ocrx_word' id='word_1_234' title='bbox 390 3260 507 3335; x_wconf 86' lang='lat' dir='ltr'>statim,</span> <span class='ocrx_word' id='word_1_235' title='bbox 528 3267 565 3326; x_wconf 87' lang='lat' dir='ltr'>nt</span> <span class='ocrx_word' id='word_1_236' title='bbox 587 3264 683 3337; x_wconf 88' lang='lat' dir='ltr'>aiunt,</span> <span class='ocrx_word' id='word_1_237' title='bbox 709 3263 766 3326; x_wconf 88' lang='lat' dir='ltr'>scd</span> <span class='ocrx_word' id='word_1_238' title='bbox 789 3259 882 3324; x_wconf 88' lang='lat' dir='ltr'>simul</span> <span class='ocrx_word' id='word_1_239' title='bbox 901 3263 934 3325; x_wconf 93' lang='lat' dir='ltr'>in</span> <span class='ocrx_word' id='word_1_240' title='bbox 955 3259 1139 3346; x_wconf 88' lang='lat' dir='ltr'>philosophi</span> <span class='ocrx_word' id='word_1_241' title='bbox 1159 3258 1289 3343; x_wconf 83' lang='lat' dir='ltr'>ingenio</span> <span class='ocrx_word' id='word_1_242' title='bbox 1310 3258 1396 3322; x_wconf 90' lang='lat' dir='ltr'>nasci</span> <span class='ocrx_word' id='word_1_243' title='bbox 1418 3254 1574 3329; x_wconf 86' lang='lat' dir='ltr'>debuerit,</span> <span class='ocrx_word' id='word_1_244' title='bbox 1639 3347 1640 3352; x_wconf 8' lang='grc' dir='ltr'>γ</span> 
     </span>
     <span class='ocr_line' id='line_1_29' title="bbox 390 3359 1576 3450; baseline -0.006 -19"><span class='ocrx_word' id='word_1_245' title='bbox 390 3368 486 3447; x_wconf 75' lang='lat' dir='ltr'>elque</span> <span class='ocrx_word' id='word_1_246' title='bbox 512 3366 594 3430; x_wconf 89' lang='lat' dir='ltr'>adeo</span> <span class='ocrx_word' id='word_1_247' title='bbox 622 3366 726 3450; x_wconf 88' lang='lat' dir='ltr'>prima</span> <span class='ocrx_word' id='word_1_248' title='bbox 747 3365 834 3430; x_wconf 84' lang='lat' dir='ltr'>nasei</span> <span class='ocrx_word' id='word_1_249' title='bbox 857 3361 1024 3428; x_wconf 88' lang='lat' dir='ltr'>debuerint</span> <span class='ocrx_word' id='word_1_250' title='bbox 1046 3365 1146 3450; x_wconf 86' lang='lat' dir='ltr'>totins</span> <span class='ocrx_word' id='word_1_251' title='bbox 1162 3362 1271 3447; x_wconf 87' lang='lat' dir='ltr'>operis</span> <span class='ocrx_word' id='word_1_252' title='bbox 1291 3359 1466 3448; x_wconf 78' lang='lat' dir='ltr'>principia,</span> <span class='ocrx_word' id='word_1_253' title='bbox 1494 3379 1576 3446; x_wconf 89' lang='lat' dir='ltr'>quae</span> 
     </span>
    </p>

    <p class='ocr_par' dir='ltr' id='par_1_4' title="bbox 319 3462 1575 3659">
     <span class='ocr_line' id='line_1_30' title="bbox 319 3462 1575 3551; baseline -0.002 -19"><span class='ocrx_word' id='word_1_254' title='bbox 319 3475 325 3490; x_wconf 72' lang='grc'><strong>“</strong></span> <span class='ocrx_word' id='word_1_255' title='bbox 389 3463 439 3543; x_wconf 89' lang='lat' dir='ltr'>bis</span> <span class='ocrx_word' id='word_1_256' title='bbox 462 3464 553 3532; x_wconf 86' lang='lat' dir='ltr'>libris</span> <span class='ocrx_word' id='word_1_257' title='bbox 574 3468 698 3546; x_wconf 72' lang='lat' dir='ltr'>insunt,</span> <span class='ocrx_word' id='word_1_258' title='bbox 730 3469 831 3533; x_wconf 86' lang='lat' dir='ltr'>serius</span> <span class='ocrx_word' id='word_1_259' title='bbox 850 3466 988 3534; x_wconf 86' lang='lat' dir='ltr'>additam</span> <span class='ocrx_word' id='word_1_260' title='bbox 1008 3474 1167 3551; x_wconf 86' lang='lat' dir='ltr'>putarent.</span> <span class='ocrx_word' id='word_1_261' title='bbox 1204 3467 1250 3537; x_wconf 83' lang='lat' dir='ltr'>Cf.</span> <span class='ocrx_word' id='word_1_262' title='bbox 1270 3467 1303 3534; x_wconf 85' lang='lat' dir='ltr'>C.</span> <span class='ocrx_word' id='word_1_263' title='bbox 1323 3469 1357 3530; x_wconf 79' lang='lat' dir='ltr'>F.</span> <span class='ocrx_word' id='word_1_264' title='bbox 1401 3462 1575 3530; x_wconf 86' lang='lat' dir='ltr'>Hermanni</span> 
     </span>
     <span class='ocr_line' id='line_1_31' title="bbox 392 3569 1340 3659; baseline 0.002 -25"><span class='ocrx_word' id='word_1_265' title='bbox 392 3570 578 3636; x_wconf 89' lang='lat' dir='ltr'>Gesohiohte</span> <span class='ocrx_word' id='word_1_266' title='bbox 601 3569 631 3636; x_wconf 91' lang='lat' dir='ltr'>d.</span> <span class='ocrx_word' id='word_1_267' title='bbox 654 3570 729 3654; x_wconf 82' lang='lat' dir='ltr'>plot.</span> <span class='ocrx_word' id='word_1_268' title='bbox 753 3569 972 3656; x_wconf 88' lang='lat' dir='ltr'>Philosophie,</span> <span class='ocrx_word' id='word_1_269' title='bbox 996 3592 1030 3659; x_wconf 89' lang='lat' dir='ltr'>p.</span> <span class='ocrx_word' id='word_1_270' title='bbox 1053 3573 1126 3637; x_wconf 81' lang='lat' dir='ltr'>5h0.</span> <span class='ocrx_word' id='word_1_271' title='bbox 1222 3597 1225 3602; x_wconf 43' lang='lat'><em>¹</em></span> <span class='ocrx_word' id='word_1_272' title='bbox 1337 3597 1340 3605; x_wconf 91' lang='lat'>·</span> 
     </span>
    </p>
   </div>
   <div class='ocr_carea' id='block_1_3' title="bbox 386 3672 1640 4384">
    <p class='ocr_par' dir='ltr' id='par_1_5' title="bbox 386 3672 1640 4384">
     <span class='ocr_line' id='line_1_32' title="bbox 476 3672 1574 3761; baseline -0.004 -19"><span class='ocrx_word' id='word_1_273' title='bbox 476 3672 794 3742; x_wconf 83' lang='lat' dir='ltr'>Schleiermuoherns.</span> <span class='ocrx_word' id='word_1_274' title='bbox 820 3677 948 3761; x_wconf 89' lang='lat' dir='ltr'>quidem</span> <span class='ocrx_word' id='word_1_275' title='bbox 981 3679 1021 3740; x_wconf 89' lang='lat' dir='ltr'>de</span> <span class='ocrx_word' id='word_1_276' title='bbox 1049 3683 1118 3741; x_wconf 89' lang='lat' dir='ltr'>toto</span> <span class='ocrx_word' id='word_1_277' title='bbox 1142 3674 1214 3741; x_wconf 88' lang='lat' dir='ltr'>loco</span> <span class='ocrx_word' id='word_1_278' title='bbox 1241 3675 1287 3738; x_wconf 78' lang='lat' dir='ltr'>ite</span> <span class='ocrx_word' id='word_1_279' title='bbox 1317 3673 1453 3739; x_wconf 87' lang='lat' dir='ltr'>iudicat:</span> <span class='ocrx_word' id='word_1_280' title='bbox 1492 3677 1574 3740; x_wconf 80' lang='lat' dir='ltr'>rhm</span> 
     </span>
     <span class='ocr_line' id='line_1_33' title="bbox 388 3776 1573 3861; baseline 0.002 -19"><span class='ocrx_word' id='word_1_281' title='bbox 388 3777 531 3861; x_wconf 81' lang='lat' dir='ltr'>hnlange</span> <span class='ocrx_word' id='word_1_282' title='bbox 562 3776 618 3843; x_wconf 89' lang='lat' dir='ltr'>des</span> <span class='ocrx_word' id='word_1_283' title='bbox 646 3776 773 3844; x_wconf 83' lang='lat' dir='ltr'>fiinften</span> <span class='ocrx_word' id='word_1_284' title='bbox 806 3782 930 3846; x_wconf 88' lang='lat' dir='ltr'>Buches</span> <span class='ocrx_word' id='word_1_285' title='bbox 965 3782 1046 3847; x_wconf 87' lang='lat' dir='ltr'>wird</span> <span class='ocrx_word' id='word_1_286' title='bbox 1080 3781 1231 3846; x_wconf 85' lang='lat' dir='ltr'>Sokrates</span> <span class='ocrx_word' id='word_1_287' title='bbox 1255 3797 1320 3844; x_wconf 90' lang='lat' dir='ltr'>von</span> <span class='ocrx_word' id='word_1_288' title='bbox 1347 3777 1573 3844; x_wconf 87' lang='lat' dir='ltr'>Polemarchos</span> 
     </span>
     <span class='ocr_line' id='line_1_34' title="bbox 389 3879 1640 3970; baseline 0.001 -25"><span class='ocrx_word' id='word_1_289' title='bbox 389 3883 455 3946; x_wconf 89' lang='lat' dir='ltr'>und</span> <span class='ocrx_word' id='word_1_290' title='bbox 484 3879 706 3960; x_wconf 84' lang='lat' dir='ltr'>hdeimantos,</span> <span class='ocrx_word' id='word_1_291' title='bbox 738 3885 839 3948; x_wconf 90' lang='lat' dir='ltr'>denen</span> <span class='ocrx_word' id='word_1_292' title='bbox 866 3883 947 3950; x_wconf 91' lang='lat' dir='ltr'>auch</span> <span class='ocrx_word' id='word_1_293' title='bbox 972 3887 1221 3970; x_wconf 79' lang='lat' dir='ltr'>Thrasymachos</span> <span class='ocrx_word' id='word_1_294' title='bbox 1243 3880 1308 3948; x_wconf 90' lang='lat' dir='ltr'>sich</span> <span class='ocrx_word' id='word_1_295' title='bbox 1334 3880 1517 3965; x_wconf 84' lang='lat' dir='ltr'>beigesellt,</span> <span class='ocrx_word' id='word_1_296' title='bbox 1543 3881 1574 3946; x_wconf 92' lang='lat' dir='ltr'>in</span> <span class='ocrx_word' id='word_1_297' title='bbox 1639 3915 1640 3918; x_wconf 34' lang='lat'>¹</span> 
     </span>
     <span class='ocr_line' id='line_1_35' title="bbox 388 3979 1573 4074; baseline 0 -26"><span class='ocrx_word' id='word_1_298' title='bbox 388 3983 506 4050; x_wconf 86' lang='lat' dir='ltr'>andere</span> <span class='ocrx_word' id='word_1_299' title='bbox 522 3985 806 4072; x_wconf 83' lang='lat' dir='ltr'>Untersuohnngen</span> <span class='ocrx_word' id='word_1_300' title='bbox 825 3979 1087 4074; x_wconf 84' lang='lat' dir='ltr'>hineingezogen,</span> <span class='ocrx_word' id='word_1_301' title='bbox 1110 3987 1229 4057; x_wconf 83' lang='lat' dir='ltr'>welche</span> <span class='ocrx_word' id='word_1_302' title='bbox 1248 3989 1303 4052; x_wconf 89' lang='lat' dir='ltr'>das</span> <span class='ocrx_word' id='word_1_303' title='bbox 1321 3981 1432 4062; x_wconf 83' lang='lat' dir='ltr'>liinlte,</span> <span class='ocrx_word' id='word_1_304' title='bbox 1451 3989 1573 4051; x_wconf 84' lang='lat' dir='ltr'>sechste</span> 
     </span>
     <span class='ocr_line' id='line_1_36' title="bbox 386 4087 1574 4176; baseline -0.001 -22"><span class='ocrx_word' id='word_1_305' title='bbox 386 4087 452 4154; x_wconf 84' lang='lat' dir='ltr'>und</span> <span class='ocrx_word' id='word_1_306' title='bbox 489 4091 630 4155; x_wconf 88' lang='lat' dir='ltr'>siebente</span> <span class='ocrx_word' id='word_1_307' title='bbox 663 4094 753 4156; x_wconf 90' lang='lat' dir='ltr'>Buch</span> <span class='ocrx_word' id='word_1_308' title='bbox 789 4093 999 4158; x_wconf 88' lang='lat' dir='ltr'>einnehmend</span> <span class='ocrx_word' id='word_1_309' title='bbox 1040 4093 1102 4158; x_wconf 89' lang='lat' dir='ltr'>den</span> <span class='ocrx_word' id='word_1_310' title='bbox 1144 4092 1269 4158; x_wconf 83' lang='lat' dir='ltr'>vierten</span> <span class='ocrx_word' id='word_1_311' title='bbox 1297 4087 1482 4176; x_wconf 88' lang='lat' dir='ltr'>Haupttbeil</span> <span class='ocrx_word' id='word_1_312' title='bbox 1519 4092 1574 4155; x_wconf 91' lang='lat' dir='ltr'>des</span> 
     </span>
     <span class='ocr_line' id='line_1_37' title="bbox 386 4192 1574 4278; baseline 0.003 -21"><span class='ocrx_word' id='word_1_313' title='bbox 386 4195 524 4260; x_wconf 88' lang='lat' dir='ltr'>Werkes</span> <span class='ocrx_word' id='word_1_314' title='bbox 549 4194 677 4273; x_wconf 90' lang='lat' dir='ltr'>hilden,</span> <span class='ocrx_word' id='word_1_315' title='bbox 710 4198 789 4261; x_wconf 87' lang='lat' dir='ltr'>aber</span> <span class='ocrx_word' id='word_1_316' title='bbox 812 4195 1020 4264; x_wconf 86' lang='lat' dir='ltr'>ohneraohtet</span> <span class='ocrx_word' id='word_1_317' title='bbox 1044 4198 1129 4274; x_wconf 85' lang='lat' dir='ltr'>ihres</span> <span class='ocrx_word' id='word_1_318' title='bbox 1159 4193 1380 4262; x_wconf 89' lang='lat' dir='ltr'>bedeutenden</span> <span class='ocrx_word' id='word_1_319' title='bbox 1404 4192 1574 4278; x_wconf 81' lang='lat' dir='ltr'>Umfanges</span> 
     </span>
     <span class='ocr_line' id='line_1_38' title="bbox 386 4295 1573 4384; baseline 0.003 -23"><span class='ocrx_word' id='word_1_320' title='bbox 386 4295 453 4363; x_wconf 90' lang='lat' dir='ltr'>und</span> <span class='ocrx_word' id='word_1_321' title='bbox 485 4295 568 4364; x_wconf 91' lang='lat' dir='ltr'>noch</span> <span class='ocrx_word' id='word_1_322' title='bbox 600 4297 863 4367; x_wconf 88' lang='lat' dir='ltr'>bedeutenderen</span> <span class='ocrx_word' id='word_1_323' title='bbox 891 4299 1029 4368; x_wconf 85' lang='lat' dir='ltr'>Inbaltes</span> <span class='ocrx_word' id='word_1_324' title='bbox 1061 4302 1145 4370; x_wconf 85' lang='lat' dir='ltr'>doch</span> <span class='ocrx_word' id='word_1_325' title='bbox 1174 4299 1273 4368; x_wconf 86' lang='lat' dir='ltr'>sehon</span> <span class='ocrx_word' id='word_1_326' title='bbox 1298 4301 1368 4367; x_wconf 87' lang='lat' dir='ltr'>hier</span> <span class='ocrx_word' id='word_1_327' title='bbox 1399 4301 1466 4384; x_wconf 89' lang='lat' dir='ltr'>und</span> <span class='ocrx_word' id='word_1_328' title='bbox 1491 4301 1573 4367; x_wconf 88' lang='lat' dir='ltr'>noch</span> 
     </span>
    </p>
   </div>
   <div class='ocr_carea' id='block_1_4' title="bbox 0 0 1654 5232">
    <p class='ocr_par' dir='ltr' id='par_1_6' title="bbox 0 0 1654 5232">
     <span class='ocr_line' id='line_1_39' title="bbox 0 0 1654 5232; baseline 0 0"><span class='ocrx_word' id='word_1_329' title='bbox 0 0 1654 5232; x_wconf 95' lang='lat' dir='ltr'> </span> 
     </span>
    </p>
   </div>
  </div>
 </body>
</html>
