3298 5232
567 421 798 484 ..227-

86 573 216 646 τάπασί
236 573 263 665 γ’
287 564 311 673 6
330 571 464 670 εὐφυής.
512 573 560 644 Τὸ
575 577 655 664 γοῦν
667 561 930 667 νῦνάμάρτημα,
953 560 993 658 ἧν
1015 570 1048 643 δ’
1067 571 1145 663 676,
1168 577 1223 644 καὶ
1237 571 1266 660 6

85 679 207 770 ἀτιμία
224 682 434 803 ’φιλοσοφίᾳ
454 677 511 748 διά
540 679 646 747 ταῦτα
675 683 940 802 προσπέπτωκεν,
976 673 997 747 6
1023 685 1078 747 καὶ
1107 673 1268 772 πρότερον

85 777 197 866 εἶπον,
223 777 275 853 ότι
304 781 342 852 06
365 780 434 851 κατ’
459 780 554 866 ἀξίαν
576 779 678 865 αὐτῆς
699 775 871 852 ἅπτονται·
902 779 940 851 06
962 779 1027 876 ηάρ
1049 777 1180 862 νόθους
1202 784 1267 851 ἔδει

85 882 273 968 ἅπτεσθαι,
294 884 382 956 ἀλλά
402 890 564 974 γνησίους.
607 886 745 1007 1169;’'
713 913 800 1007 εφη.
836 889 1030 974 Πρῶτονέ
989 917 1013 977 μ
1032 912 1058 969 υ,
1082 876 1185 966 εἶπον,
1210 915 1268 990 66-

83 993 226 1084 λοπονίηι
255 987 293 1059 06
308 989 427 1112 χωλὸν
449 983 547 1058 δεῖ
518 1014 602 1058 ειναι
623 986 681 1058 τὸν
702 985 891 1084 ἀφόμενον,
922 987 965 1057 τά
985 999 1045 1114 μὲν
1065 985 1186 1079 ἡμίσεα
1209 1017 1267 1082 φι-

82 1091 247 1177 λόπονον,
279 1093 322 1162 τά
343 1091 417 1162 δὲ
399 1097 518 1184 ημίσεα
540 1091 674 1162 ἀπονον.
697 1093 823 1162 ἔστιδὲ
809 1095 962 1174 ὲτοῦτο,
993 1087 1075 1163 όταν
1095 1121 1147 1175 τις
1167 1099 1267 1188 φιλο

82 1196 306 1288 γυμναστὴς
304 1205 342 1266 ωὲ
345 1225 363 1266 υ
384 1205 438 1265 καὶ
462 1193 655 1290 φιλόθηρος
677 1183 697 1291 6
721 1201 776 1263 καὶ
797 1192 905 1265 πάντα
928 1196 971 1265 τὰ
992 1196 1047 1266 διά
1071 1201 1130 1267 τοῦ
1152 1194 1267 1288 σώμα-

84 1320 144 1380 τος
168 1303 342 1420 φιλοπονῇ,
364 1298 615 1394 φιλομαθὴςδὲ
630 1297 693 1388 μὴ,
715 1303 798 1386 μηδὲ
813 1298 982 1423 φιλήκοος
986 1305 1069 1390 μηδὲ
1084 1300 1265 1386 ζητητικός,

84 1401 199 1472 ἀλλ’
183 1429 216 1474 εν
231 1405 319 1473 πᾶσι
340 1400 472 1483 τούτοις
492 1406 663 1498 μισοπονῇ·
690 1401 797 1492 χωλὸς
826 1407 861 1471 δὲ
888 1409 945 1472 καῖ
966 1401 985 1472 6
1006 1402 1167 1475 τάναντία
1190 1401 1266 1474 τού-

82 1534 147 1577 του
169 1506 419 1597 μεταβεβληκὼς
439 1505 499 1590 τὴν
521 1508 740 1630 φιλοπρνίαν.
767 1503 1066 1590 Aanffe'owwst‘
1047 1536 1122 1604 εφη,
1145 1513 1261 1597 λέγεις.

83 1608 216 1680 Οὐκοῦν
237 1618 293 1679 και
314 1609 397 1703 πρὸς
420 1607 597 1734 ἀληθειαν,
619 1634 659 1692 ην
680 1607 752 1678 δ
738 1608 809 1697 εγὼ,
831 1608 952 1680 ταύτὸν
974 1614 1072 1680 τοῦτο
1095 1609 1267 1705 ἀνάπηρον

82 1712 198 1810 ψυχὴν
219 1709 432 1804 θήσομεν,“
419 1709 441 1796 6
469 1711 511 1804 ἀν
537 1711 576 1782 τὸ
597 1716 694 1802 666‘
678 1710 828 1782 εκοείσιαν
848 1717 973 1810 ψεῦδος
993 1718 1074 1811 μισῇ
1095 1723 1150 1784 καί
1169 1721 1267 1806 χαλε

83 1821 155 1898 πῶς
183 1822 268 1914 φέρῃ
297 1814 382 1901 αὐτή
411 1844 445 1884 τε
471 1800 527 1884 καί
554 1820 669 1906 ἑτέρων
695 1821 907 1909 ψευδομένων
927 1789 1197 1916 ὑπεραγανακτῇ,
1228 1817 1266 1888 τό

84 1919 174 1990 δ’
150 1943 310 1990 ακουσιον
337 1917 477 1998 εὐκόλως
493 1923 721 2041 προσδέχηται
749 1927 803 1988 καὶ
825 1917 1072 2010 ἀμαθαίνουσά
1101 1948 1166 2045 πρυ
1195 1917 1267 1991 ἀλι-

86 2029 230 2114 σκομένη
261 2023 306 2115 66
339 2021 525 2118 ἀγανακτῇ,
562 2020 694 2090 ἀλλ”
663 2026 797 2115 ευχεράς
825 2017 931 2113 ὥσπερ
958 2018 1132 2116 θηρίον“
1111 2051 1200 2095 υειον
1232 2028 1266 2095 ἐν

86 2126 229 2220 ἀμαθίᾳ
248 2123 448 2217 μολόνηται;
476 2122 681 2196 Παντάπασι
702 2137 763 2215 μὲν
784 2115 858 2212 οὖν,
887 2129 961 2222 ἔφη.
1007 2132 1075 2198 Καὶ
1096 2127 1180 2220 πρὸς
1202 2153 1265 2198 σω·

84 2226 266 2352 φροσόνην,
287 2219 328 2314 ἦν
350 2226 420 2298 δ”
404 2228 476 2317 66,
497 2237 553 2298 καὶ
568 2227 706 2353 ἀνδρίαν
720 2257 776 2298 και
764 2237 1071 2354 μεγαλοπρέπειαν
1086 2240 1142 2300 καὶ
1156 2228 1266 2302 πάντα

84 2334 129 2402 τά
150 2337 210 2418 τῆς
231 2331 364 2456 ἀρερῆς
375 2337 459 2455 μέρη
488 2330 548 2423 οὐχ
574 2326 694 2416 ἥκιστα
724 2338 777 2402 δεῖ
798 2339 977 2428 φυλάττειν
1007 2333 1065 2404 τὸν
1091 2333 1201 2406 νόθου
1230 2363 1266 2406 τε

84 2445 141 2507 καὶ
162 2436 223 2506 τόν
243 2433 399 2525 γνήσιον.
419 2429 500 2506 όταν
521 2433 585 2558 μάρ
607 2463 658 2516 τις
678 2435 724 2526 66
746 2439 917 2521 ἐπίστηται
943 2436 986 2508 τὰ
1005 2441 1157 2508 τοιαῦτα
1186 2463 1264 2507 σκο-

87 2550 158 2611 πεῖν
181 2547 237 2610 καὶ
259 2537 390 2624 ἰδιότης
411 2546 466 2608 καὶ
488 2536 597 2621 πόλις,
625 2537 836 2609 λανθάνουσι
861 2547 981 2631 χωλοῖς
1009 2568 1044 2610 τε
1066 2549 1121 2610 καὶ
1142 2538 1266 2666 νόδρις

87 2641 248 2736 χρεόμενοι
268 2643 352 2737 πρὸς
374 2639 427 2713 ότι
448 2641 488 2713 ἀν
510 2639 630 2734 τύχωσι
653 2640 786 2768 τοότφν,
809 2671 841 2712 οι
860 2654 925 2734 μ
943 2647 1075 2770 φίλοις,
1093 2650 1181 2714 066
1146 2645 1219 2714 δὲ’
1194 2644 1265 2776 ἀρ-

82 2773 193 2870 χομσι.
236 2751 307 2816 Και
334 2745 490 2868 6666,’
478 2749 557 2842 ε’φη,
590 2739 694 2827 οὕτως
721 2747 793 2836 ἔχει.
839 2743 939 2836 Ἡμῖν
967 2737 1075 2832 66,
1055 2773 1095 2838 ην
1123 2746 1154 2819 δ’
1187 2748 1264 2838 ἐγὼ,

82 2850 194 2922 πάντα
221 2849 263 2920 τά
289 2854 429 2920 τοιαῦτα
451 2847 746 2938 διευλαβητέον,ῐ
725 2879 767 2930 ως
789 2848 845 2920 ε’ἀν
866 2859 926 2939 μὲν
948 2848 1131 2944 ἀρτιμελεῖς
1151 2880 1185 2922 τε
1208 2859 1264 2922 καὶ

83 2954 290 3051 ἀρτίφρονας
318 2959 369 3024 ἐπὶ
397 2952 562 3038 τοσαύτην
589 2951 744 3044 μάθησιν
774 2961 829 3022 καὶ
858 2951 1023 3039 τοσαύτην
1044 2954 1185 3041 ἀσκησιν
1207 2983 1265 3026 κο-

82 3063 240 3152 μίσαντες
257 3055 470 3148 παιδεύωμεν,
492 3051 513 3142 6
535 3083 569 3127 τι
592 3061 663 3142 δίκη
685 3054 763 3147 ἡμῖν
785 3054 822 3126 οὐ
844 3063 1011 3182 μέμψεται
1033 3057 1127 3143 αὐτὴ,
1148 3057 1207 3144 την
1229 3087 1264 3129 τε

85 3160 184 3232 πόλιν
210 3169 265 3232 καὶ
292 3164 460 3231 πολιτείαν
489 3157 652 3251 σώσομεν,
685 3159 839 3240 ἀλλοίους
867 3160 948 3230 δὲ”
925 3188 1060 3250 αηοντες
1082 3166 1132 3232 ἐπὶ
1155 3166 1266 3232 ταῦτα

85 3265 244 3336 τάναντία
265 3263 375 3336 πάντα
396 3273 452 3335 καλ
473 3262 637 3392 πράξομεν
659 3271 714 3332 καὶ
712 3267 981 3394 φιλοσοφίας”
962 3293 1011 3334 ετι
1024 3267 1122 3335 πλείω
1135 3271 1263 3354 γέλωτα

84 3366 362 3459 καταντλήσομεν.
404 3367 553 3493 Αίσχρὸυ
580 3367 665 3455 μέντ’
696 3366 737 3440 ἀν
765 3371 830 3452 εἴη,
863 3358 884 3452 6
914 3365 986 3437 δΗ
977 3361 1023 3450 69.
1073 3367 1172 3438 Ποίνυ
1200 3379 1262 3456 μὲν

85 3464 160 3557 οὗν,
182 3465 284 3543 εἷπον
312 3470 501 3597 φελοῖονδ
526 3473 623 3560 ἔγωγε
646 3479 701 3540 καὶ
723 3475 824 3566 ἐντῷ
845 3469 985 3595 παρόντι
1007 3473 1100 3542 ἔοικα
1119 3479 1260 3544 παθεῖν.

90 3577 137 3647 Τὸ
160 3584 277 3662 ποίους
307 3578 380 3669 ἔφη.
418 3573 673 3666 Ἐπελαθόμην,
703 3563 836 3658 666³
821 3574 908 3662 εγω,
921 3568 973 3644 ότι
994 3579 1181 3698 ἐπαίζομεν,
1204 3584 1261 3646 καὶ

82 3684 248 3771 μάλλα’
232 3677 451 3769 εντεινάμενος
473 3671 571 3748 εἷπον.
600 3683 701 3766 λέγων
727 3676 790 3770 ηάρ
813 3671 884 3766 ἀμα
906 3680 1034 3776 ἔβλεψα
1055 3679 1139 3800 πρός
1160 3686 1260 3775 φιλο-

85 3791 210 3880 σοφίαν
235 3791 290 3852 καὶ
319 3782 395 3852 ἰδὼν
417 3785 763 3904 προπεπηλακισμένην
785 3778 963 3864 ἀναξίως
944 3781 1179 3907 ἀγανακτήσας
1199 3811 1259 3874 μοι

84 3890 171 4016 6666
197 3893 253 3956 καὶ
275 3879 381 3978 ὥσπερ
403 3891 582 3973 θυμωθεὶς
603 3892 673 3966 τοῖς
695 3882 813 3965 αἰτίοις
835 3883 1146 3994 σπουδαιότερον
1114 3895 1214 3957 ειπεῑν
1236 3882 1259 3956 6

83 3985 193 4061 εἷπον.
236 3986 339 4075 efffp
363 3995 434 4058 535
457 4013 526 4078 sqq.
551 3993 595 4057 St
647 3993 806 4070 Quorsum
836 3991 974 4078 pertinet
999 3986 1038 4058 id
1067 3997 1154 4079 quod
1182 3977 1259 4059 dicit

81 4097 173 4164 Plato
195 4115 229 4162 se
251 4105 434 4174 servaturos
447 4118 508 4164 τεεε
532 4095 634 4162 urbem
653 4103 740 4180 atque
762 4095 1031 4180 rempublicam,
1005 4118 1033 4162 ει
1050 4097 1129 4165 vitio
1150 4103 1256 4164 careat

79 4200 345 4288 philosophorum
366 4202 491 4280 electio,
514 4199 671 4269 contraria
692 4207 797 4269 autem
818 4199 955 4269 facturos
978 4200 1006 4268 si
1023 4189 1169 4288 hidignos
1191 4198 1255 4266 ele·

78 4305 206 4394 gerim?
246 4308 326 4376 Nam
350 4303 464 4386 verba,
491 4311 548 4374 καί
568 4304 774 4400 φιλοσοφίας
795 4303 843 4374 ἔτι
862 4305 961 4376 ’πλείω
982 4307 1109 4392 γέλωτα
1130 4325 1253 4374 καταν-
