3344 5234
871 399 1085 468 ...1ο-

384 559 533 630 mannum
558 560 672 628 aherrc
694 562 845 638 inimicis,
871 571 902 628 et
921 561 1156 631 reiioiuntorut
1170 581 1403 650 parurn‘verae.
1434 569 1560 634 Postre-

381 689 468 734 mum
505 667 675 753 dispututio
700 667 784 732 inter
811 667 1049 734 Polemarchum
1079 677 1110 734 et
1136 673 1296 734 Socratem
1326 689 1366 736 eo
1395 669 1495 750 redit,
1523 679 1561 738 nt

381 774 409 836 si
428 774 497 854 quo
515 773 628 834 tostum
646 791 706 835 esse
724 773 818 846 dieat,
840 774 960 836 reddere
979 776 1084 856 cuique
1097 775 1176 856 quod
1186 777 1291 856 cuique
1302 777 1448 850 amemur,
1473 779 1560 860 idpoe

380 877 599 957 itointeltipot,
630 877 816 940 etinimicis
836 877 995 951 domnum,
1020 873 1159 960 βλάβην,
1185 899 1206 942 o
1228 880 1307 942 insto
1326 883 1393 942 vitu
1411 882 1558 956 ἀοοοοεον,

380 981 488 1043 amicis
501 981 634 1053 utilitas,
661 998 726 1042 eum
743 982 903 1062 sapientem
924 997 986 1043 noo
1007 1001 1076 1056 esse,
1103 981 1186 1045 inter
1208 1001 1241 1045 se
1264 985 1463 1059 conveniant,
1487 987 1561 1066 quin

377 1097 489 1167 porum
508 1099 581 1146 cero
598 1085 784 1165 pronunciet,
811 1085 953 1165 qnoniam
972 1086 1086 1147 iustum
1104 1103 1165 1148 non
1184 1105 1245 1148 esse
1261 1087 1495 1151 οοουοουυοεοοη
1509 1092 1558 1162 sit,

381 1189 522 1269 unquam
553 1188 694 1252 οἰοοουοοο
726 1189 845 1269 offerre.
888 1189 957 1252 Non
987 1209 1053 1252 esse·
1077 1191 1174 1270 tpitser
1189 1191 1222 1252 id
1246 1191 1412 1253 &meotilis
1437 1193 1559 1267 dietum,

380 1309 472 1372 nepte
499 1292 621 1354 Biantis
650 1300 678 1354 et
705 1293 831 1364 Pittaci,
870 1293 975 1373 potius
1005 1293 1038 1354 id
1064 1293 1161 1355 uideri
1196 1289 1406 1381 Περιάνδρου
1430 1284 1513 1360 εἶναι
1539 1291 1560 1375 ἢ

380 1395 568 1482 Περὸικκου
592 1390 612 1474 ἢ
637 1392 758 1482 Ξὲρξου
784 1392 805 1473 ἢ
821 1389 987 1479 Ἰσμηνίου
1010 1395 1070 1459 τοῦ
1100 1395 1267 1479 Θηβαίου,
1303 1392 1323 1474 ἤ
1346 1421 1434 1474 τινος
1455 1393 1560 1464 ἄλλου

379 1501 464 1583 μέγα
481 1493 633 1576 οἰομένου
649 1492 823 1562 δύνασθαι
837 1497 997 1562 πλουσίου
1013 1491 1142 1581 ἀνδρός.
1166 1496 1212 1562 cf.
1229 1517 1261 1583 p.
1279 1503 1360 1575 836,
1385 1503 1421 1564 Α.
1461 1505 1561 1566 Docet

380 1599 431 1664 hie
453 1599 551 1674 iocus,
576 1598 818 1684 disputationem
842 1603 907 1664 huc
924 1619 1025 1686 usque
1044 1599 1384 1687 deductampertinere
1407 1601 1446 1667 cd
1467 1615 1559 1668 evar-v

380 1702 503 1768 teudam
533 1701 572 1766 de
600 1702 736 1768 iustitiae
762 1701 797 1768 ui
826 1711 857 1768 et
878 1712 989 1769 umora
1010 1704 1214 1780 sententium,
1246 1693 1346 1792 qualis
1368 1725 1432 1770 non
1454 1709 1559 1772 v‘irum

380 1806 510 1881 iustum,
535 1811 590 1871 serl
612 1817 775 1890 proneam
798 1805 934 1881 decant,
960 1817 991 1870 et
1013 1805 1046 1872 id
1068 1808 1175 1872 saitem
1198 1809 1265 1874 sine
1286 1810 1349 1875 utla
1365 1809 1559 1875 dubitatione

381 1910 512 1975 concedi
535 1909 639 1985 dehet,
663 1909 742 1974 hanc
762 1909 803 1974 de
819 1909 961 1974 'iustitiae
983 1907 1014 1975 vi
1036 1919 1067 1976 et
1087 1921 1199 1976 natura
1220 1913 1475 1998 disputationem,
1499 1917 1561 1978 rei·

374 2016 512 2096 publicae
534 2017 651 2078 ratione
673 2016 784 2087 hahita,
808 2013 980 2078 institutam
1003 2015 1115 2078 rideri.
1155 2016 1211 2080 His
1233 2026 1336 2081 cutem
1360 2029 1440 2102 quae
1463 2017 1559 2083 modo

381 2135 421 2180 ex
444 2116 572 2182 Platone
593 2115 822 2202 disputavimus
842 2116 961 2182 accedit
983 2117 1077 2182 etiam
1099 2116 1198 2194 iliud,
1212 2120 1297 2206 quod
1315 2120 1450 2185 secunde
1465 2121 1560 2186 huius

254 2264 256 2268 .
379 2220 538 2305 prooemii
559 2219 648 2307 quasi
670 2238 778 2294 mena,
808 2219 866 2284 hac
883 2221 1025 2286 sacrans
1045 2206 1199 2287 sententie
1221 2223 1346 2301 tinitur,
1367 2223 1456 2310 quod
1477 2223 1561 2290 iudi·

380 2329 469 2390 catur
489 2329 582 2390 etiam
603 2323 1079 2410 personarumcolioquentium
1100 2323 1233 2392 vicibus

712 2579 716 2598 ’
818 2576 1002 2666 sucuro
1034 2577 1114 2670 111.

387 2759 390 2766 ’
465 2738 573 2806 Prodit
594 2739 683 2825 quasi
705 2739 736 2804 in
759 2756 883 2804 scenam
905 2739 1166 2826 Thrasymachus.
1205 2740 1236 2806 Is
1251 2741 1388 2807 Socratis
1406 2759 1480 2807 cum
1498 2743 1561 2807 Ρο-

379 2844 538 2911 lemaroho
561 2860 739 2908 sermonem
761 2843 886 2928 saepius
908 2843 1108 2928 interpellare
1130 2851 1371 2921 conatus-orat,
1406 2845 1463 2910 sed
1484 2865 1560 2931 pro-

379 2947 498 3013 hibitus
519 2956 566 3011 est
581 2967 597 3010 a
612 2946 756 3032 reliquis,
781 2956 880 3011 totum
895 2965 1073 3012 sermonem
1089 2946 1197 3012 audire
1210 2948 1419 3033 cupientibus.
1449 2951 1559 3026 *Quum

379 3071 457 3116 vero
480 3050 658 3136 disputandi
680 3049 772 3115 tinem
795 3048 942 3115 fecissent
963 3051 1024 3126 ihi,
1057 3071 1119 3115 non
1150 3052 1284 3137 amplius
1312 3053 1449 3137 quietem
1473 3051 1556 3134 egit,

379 3154 434 3220 sed
456 3156 606 3240 colligens
629 3175 678 3230 se,
714 3156 804 3240 quasi
825 3153 892 3218 sere
914 3153 1206 3240 quaedem-bestia,
1241 3154 1392 3220 involavit
1419 3155 1452 3219 in
1482 3175 1556 3231 eos,

379 3267 463 3323 tanta
486 3258 704 3332 vehementia,
740 3266 774 3321 ut
800 3277 856 3322 eos
885 3257 1172 3342 discerpera·velte
1194 3258 1366 3325 videretur.
1413 3260 1559 3324 Socrates

380 3370 411 3427 et
438 3362 660 3426 Potemarchus
688 3369 772 3426 metu
798 3361 944 3449 perculsi¹
959 3361 1161 3447 diffugerunt.
1207 3367 1285 3426 Tum
1305 3365 1560 3446 ‘Thrasymachus

379 3465 413 3530 in
434 3465 573 3530 medium
594 3466 802 3550 proclamans,
823 3485 907 3550 ¹<prae
928 3485 997 3539 vos,
1021 3465 1134 3550 inquit,
1164 3463 1282 3530 dudum
1304 3485 1406 3550 nugae
1428 3470 1559 3530 teuent?

380 3578 411 3635 et
432 3569 508 3656 quid
530 3568 623 3633 stulte
645 3568 736 3652 agitis
759 3565 903 3632 cedentes
925 3566 1016 3632 vobis
1038 3567 1136 3653 ipsis?
1172 3568 1292 3632 Deinde
1320 3567 1438 3652 flagitat
1459 3589 1484 3632 a
1500 3571 1560 3632 So·

380 3683 481 3748 crate,
513 3682 550 3738 ut
577 3691 640 3735 non
669 3671 770 3736 solum
798 3670 974 3754 interroget
999 3669 1165 3753 gloriolam
1194 3683 1337 3754 captam,
1376 3671 1431 3736 sed
1461 3671 1559 3736 etiam

379 3778 447 3866 ipse
468 3774 675 3860 respondeat,
706 3794 764 3838 nac
786 3772 877 3837 falsas
899 3772 1035 3838 iustitiae
1058 3773 1269 3851 definitiones,
1294 3794 1428 3860 quarum
1450 3774 1559 3861 plures

381 3887 560 3950 enumerat,
593 3877 627 3942 in
649 3876 786 3941 medium
809 3875 967 3961 proier'at3
1003 3895 1037 3942 se
1067 3877 1151 3941 enim
1181 3878 1258 3942 tales
1280 3879 1469 3962 nugasuon
1488 3899 1559 3943 esse
1670 3957 1671 3974 ἢ

380 3981 602 4048 admissurum.
649 3981 793 4046 Socrates
816 3978 891 4043 haec
913 3977 1044 4044 audiens
1065 3979 1266 4066 perturbatus
1289 3992 1346 4057 est,
1371 3990 1403 4046 et
1424 3980 1561 4067 Thrasy-

380 4083 524 4152 machum
547 4089 670 4150 intuens
692 4083 865 4169 pertimuit,
889 4101 925 4146 ao
946 4081 1006 4146 nisi
1022 4103 1092 4148 cum
1108 4085 1197 4170 prior
1212 4084 1439 4173 conspexisset,
1463 4106 1559 4171 quam

379 4191 431 4256 ilie
462 4193 642 4264 Socratem,
677 4196 783 4254 mutus
811 4185 910 4251 iactus
937 4195 1020 4252 esset
1047 4207 1123 4273 prae
1152 4188 1276 4254 timore.
1321 4193 1410 4254 Nunc
1430 4197 1555 4266 autem,

381 4313 479 4380 quum
499 4291 552 4359 ille
577 4311 725 4358 sermone
747 4291 1172 4378 excandescerainoiperet,
1201 4313 1278 4358 eum
1305 4297 1395 4381 prior
1414 4289 1560 4358 intuebu-
