3296 5232
388 529 516 602 rn'ona'm
538 531 580 601 de
598 533 875 603 iustitiaeuatnra·
888 542 925 602 et
941 535 1149 624 praestantius
1182 539 1453 624 quemadmodum
1476 540 1569 606 etiam

390 641 572 708 Ciceronem
603 639 807 724 Reipublicae
839 634 924 706 libro
956 642 1051 706 tertio
1083 643 1181 708 multa
1209 641 1505 710 dixisse-videmus
1533 646 1570 708 de

389 743 508 812 institia
529 751 561 808 et
580 741 743 813 iniustitia.
867 757 870 763 '

473 849 544 914 Non
570 851 801 934 praetereunda
836 846 904 913 boc
924 846 996 915 leco
1036 869 1119 933 quae
1149 868 1185 936 ps
1212 852 1292 926 591,
1326 853 1363 918 Ε.
1399 852 1568 935 leguntur:

385 944 474 1017 ’Ate’
498 944 695 1036 ἀποβλέπων
726 975 771 1037 γε,
805 941 905 1027 εἷπον,
938 948 1027 1070 πρὸς
1054 948 1112 1054 τήν
1143 953 1177 1020 ἐν
1195 947 1289 1044 αάτῳ
1316 955 1492 1022 πολιτείαν
1521 959 1570 1022 καὶ
1631 1035 1632 1044 ¹

390 1047 567 1144 φυλάττων
592 1047 639 1140 μή
669 1077 701 1120 τι
729 1057 895 1149 παρακινῇ
923 1050 1031 1122 αὑτοῦ
1054 1056 1118 1122 τῶν
1146 1057 1214 1123 ἐκεῖ
1236 1081 1265 1123 κ.
1293 1079 1323 1123 τ.
1349 1059 1375 1124 ε’.
1434 1061 1488 1124 Ex
1515 1062 1571 1124 boc
1631 1053 1632 1056 ¹

389 1158 461 1225 loeo
491 1153 700 1224 Sebneiderus
731 1157 832 1244 prael.
864 1179 897 1246 p.
931 1161 988 1225 XI
1016 1158 1138 1245 colligit
1171 1159 1334 1226 Platonem
1369 1181 1437 1228 nno
1476 1181 1570 1248 opere

389 1259 512 1326 etbinen
549 1281 587 1325 ae
628 1260 779 1347 politicen
819 1259 991 1348 perlectam
1023 1264 1248 1349 complexum,
1288 1262 1320 1329 ei
1355 1269 1571 1331 coniunctioni

390 1361 612 1449 significandae
634 1368 727 1431 etiam
750 1364 873 1432 titulum
896 1365 1002 1452 operis
1023 1366 1325 1443 accommodavisse,
1348 1375 1381 1433 et
1402 1370 1572 1436 πολιτείαν

390 1466 608 1554 inscripsisse,
642 1489 707 1553 quo
735 1471 863 1535 nomine
883 1477 952 1535 tum
972 1469 1140 1554 singularis
1160 1471 1303 1548 bominis·
1321 1479 1353 1537 et
1374 1471 1498 1538 mentis
1519 1472 1573 1539 bu·

389 1589 509 1647 manae,
530 1577 567 1635 ut
586 1592 627 1636 ex
641 1572 715 1638 libri
739 1575 815 1638 ueni
835 1571 899 1638 fine
913 1567 1084 1638 clarissime
1099 1581 1263 1660 appareat,
1285 1581 1353 1639 tum
1375 1573 1571 1659 reipublicae

389 1683 422 1740 et
449 1675 588 1763 plurium
613 1675 773 1742 societatis
800 1676 925 1761 legibus
953 1684 1119 1743 contentae
1145 1684 1259 1743 summ
1287 1679 1492 1744 indicaret.»
1538 1677 1569 1744 ld

388 1799 467 1847 vero
487 1782 551 1844 iam
573 1799 684 1846 omnes
706 1779 895 1862 concedent,
916 1783 1132 1868 metaphorice
1152 1783 1372 1847 tautummodo
1394 1783 1430 1846 in
1453 1781 1508 1848 bis
1530 1785 1571 1849 lo-

389 1893 495 1950 cutum
525 1903 594 1966 esse
621 1882 804 1962 Platonem,
834 1893 866 1952 st
886 1885 1021 1969 primam
1043 1886 1327 1951 caminiecensem
1349 1887 1383 1950 iu
1407 1885 1570 1975 Πολιτείᾳ

389 1989 520 2074 proprie
541 1987 587 2052 sic
608 1989 691 2054 diets
711 1987 846 2073 positam
869 2008 957 2065 esse,
986 2005 1046 2054 nac
1065 1990 1135 2053 sine
1156 2005 1269 2073 nugas
1290 1995 1358 2054 arte
1379 1996 1481 2076 atque
1503 2009 1570 2076 pru·

389 2093 495 2156 dentia
516 2089 633 2156 laetum
655 2111 742 2168 essa,
773 2093 860 2176 quod
890 2111 929 2158 ex
958 2094 1089 2156 humani
1111 2090 1206 2156 animi
1229 2099 1311 2156 statu
1333 2099 1366 2156 et
1387 2091 1570 2158 conditione

388 2193 490 2280 ipsam
526 2195 621 2259 etiam
654 2194 893 2279 llempublioam
925 2195 1112 2279 repetiverit
1140 2203 1173 2261 et
1200 2193 1299 2260 animi
1327 2197 1428 2260 nostri
1461 2204 1570 2261 statum

388 2296 591 2384 Reipublicae
631 2297 853 2364 assimilaverit
878 2306 1001 2365 auctor.
1052 2301 1203 2364 Extremo
1237 2305 1342 2363 autem
1372 2318 1464 2364 nouo
1493 2297 1571 2364 libro

387 2405 467 2468 baec
485 2401 652 2528 legamtnrc
689 2396 801 2468 (laist
777 2425 862 2485 αρα,
886 2401 966 2493 ἔφη,
989 2396 1032 2467 τά
1053 2425 1089 2487 ys
1110 2397 1266 2468 πολιτικά
1288 2395 1446 2482 ἐθελήσει
1471 2397 1571 2487 πράτ-

388 2529 464 2586 τειν,
486 2500 603 2595 ἐάνπερ
625 2498 746 2572 τούτου
769 2499 919 2586 κὴδιιται.
961 2501 1030 2591 Ns}
1042 2501 1100 2570 τὸν
1121 2500 1221 2584 κάνοι,
1254 2490 1389 2586 ἦνδ”
1374 2499 1456 2590 εγὼ,
1485 2504 1521 2571 ἔν
1540 2527 1571 2588 γε

387 2609 427 2704 τῇ
448 2610 569 2677 ἑαυτοῦ
590 2602 681 2676 πόλει
704 2613 759 2674 καὶ
780 2603 890 2696 μάλα,
922 2603 970 2675 οὐ
983 2611 1095 2695 μέντοι
1118 2609 1196 2686 ἴσως
1224 2607 1258 2674 ἕν
1283 2631 1319 2693 γι
1348 2608 1396 2730 τῇ
1418 2608 1570 2696 πατρίδι,

387 2681 446 2779 ἐάν
466 2709 513 2800 μὴ
535 2712 617 2778 θεία
647 2713 697 2789 τις
723 2706 887 2805 ξιιμβῇ”
850 2735 939 2799 τνχη.
982 2706 1182 2792 Μανθάνω,
1198 2710 1288 2838 ἕιῃη
1315 2683 1396 2805 ἕνῇ
1418 2712 1495 2778 νῦν
1517 2714 1572 2778 δι-

388 2810 580 2931 ήλδομεν
601 2809 834 2894 οικὶζοντες
854 2809 976 2882 πόλει
998 2817 1148 2900 λέγεις,
1177 2815 1214 2908 τῇ
1236 2816 1269 2880 έν
1290 2808 1405 2899 λόγοις
1427 2818 1572 2940 κειμένῃ,

389 2917 519 2984 lavel
476 2943 537 3004 γης
544 2927 593 3043 ’ῃι
615 2908 822 3003 οὐδαμοῦ
786 2943 881 3004 οιμαι
903 2913 1008 2998 αὐτὴν
1029 2907 1122 2984 εἶναι.
1161 2911 1276 2996 Ἀλλ’,
1304 2903 1403 2998 ἦνδ
1429 2914 1511 3003 ἐγὼ,
1542 2919 1573 2982 έν

389 3016 520 3114 οὐρανῷ
552 3021 630 3100 ἴσως
661 3015 922 3112 παράδειγμ’
902 3015 1074 3088 ανάκειται
1106 3020 1153 3113 τῷ
1179 3013 1417 3112 βουλομένῳ
1399 3044 1491 3112 οραν
1520 3025 1572 3086 καὶ

389 3118 509 3214 ὁρῶντι
538 3120 657 3192 ἑαυτὸν
684 3126 887 3220 κατοικίζειν.
920 3126 1070 3216 διαφέρει
1093 3126 1128 3190 δὲ
1151 3118 1264 3203 ονδέν,
1297 3124 1360 3189 εἴτε
1386 3147 1455 3190 που
1486 3123 1573 3191 ἔστιν

388 3229 450 3296 εἴτε
472 3227 575 3295 ἔσται·
604 3225 648 3294 τά
668 3225 733 3320 γάρ
756 3223 884 3310 ταύτης
898 3223 1003 3314 μόνης
1025 3223 1066 3294 δν
1087 3222 1252 3316 πράξειεν,
1282 3222 1385 3307 άλλης
1414 3228 1451 3293 δέ
1481 3223 1572 3294 οὐδε-

387 3333 481 3420 μιᾶς.
524 3326 627 3410 Εἰκὸς
657 3327 696 3418 γ’,
728 3332 805 3424 ἔφη.
850 3333 953 3410 Qua!
982 3330 1033 3398 bic
1059 3339 1204 3398 extremo
1224 3349 1309 3394 noue
1333 3327 1416 3395 libro
1438 3331 1574 3397 civitatis

389 3435 549 3524 perfectae
570 3457 591 3502 a
610 3457 645 3503 se
657 3435 812 3516 ,cundum
833 3435 922 3502 Plato
944 3434 1018 3502 lacit
1038 3433 1240 3508 mentionem,
1268 3453 1338 3498 eam
1361 3436 1478 3500 eodem
1501 3455 1575 3502 cou-

390 3540 461 3607 silio
482 3541 598 3606 factam
619 3560 690 3605 esse
711 3547 876 3624 putamus,
910 3559 973 3630 quo
999 3539 1062 3604 iam
1092 3545 1231 3602 extremo
1263 3545 1376 3603 oetam
1396 3535 1483 3603 libro
1506 3557 1574 3604 eam

390 3642 547 3710 iniectam
575 3663 645 3710 esse
676 3643 824 3709 vidimus.
868 3647 908 3709 Et
929 3637 988 3708 ¹*est
1013 3645 1094 3707 baec
1122 3643 1262 3725 οριίιιιιι
1292 3638 1442 3716 civitatis,
1478 3641 1574 3710 modo

390 3755 583 3823 exstructae,
606 3749 726 3813 mentio
746 3747 791 3811 ita
811 3745 911 3824 lacta,
933 3754 971 3811 ot
992 3743 1080 3811 Plato
1102 3743 1170 3810 bae
1183 3748 1251 3830 ipsa
1272 3763 1309 3808 re
1331 3741 1362 3808 ei
1383 3745 1506 3830 primas
1529 3755 1576 3812 te

390 3848 452 3914 tius
480 3850 704 3938 disputationis
728 3848 880 3916 tribuisse
910 3848 1067 3918 videatur.
1113 3851 1192 3914 Nam
1221 3846 1248 3912 si
1270 3847 1304 3912 in
1326 3847 1575 3916 demonstranda

391 3949 537 4018 iustitiae
549 3953 741 4039 praestantia
762 3952 879 4038 dialogi
901 3951 971 4018 linis
992 3953 1116 4036 positus
1139 3959 1237 4026 esset,
1267 3958 1298 4015 et
1319 3952 1347 4016 si
1368 3951 1481 4016 civitas
1507 3961 1575 4018 tau·

390 4065 458 4124 tum
486 4054 687 4122 illustrandae
715 4058 784 4122 eius
804 4055 852 4121 rei
875 4055 975 4140 gratia
998 4063 1159 4121 exstructa
1180 4055 1363 4130 videretur,
1396 4059 1521 4122 versari
1543 4059 1574 4120 in

389 4160 544 4228 lectorum
566 4161 676 4224 animis
697 4163 759 4230 boc
781 4161 907 4244 quidem
929 4159 999 4226 loco
1021 4157 1101 4225 nibil
1122 4157 1208 4224 aliud
1229 4178 1360 4226 necesse
1381 4155 1453 4236 luit,
1480 4181 1576 4245 ιμιιιιι

390 4267 472 4332 bane
495 4267 535 4330 dc
556 4261 674 4330 institia
696 4267 926 4347 quaestionem,
947 4261 1114 4349 multoque
1133 4263 1234 4350 magis
1250 4259 1433 4332 ,absortum
1455 4264 1574 4335 menti-
