3296 5232
838 412 1069 485 -o1o-

357 582 398 647 E.
415 599 479 668 quo
494 578 565 647 loco
579 577 649 646 auri
663 577 849 666 argentique
866 599 960 645 usum
981 576 1133 647 militibus
1148 577 1323 657 interdicit,
1347 580 1471 646 addans
1490 579 1546 646 καὶ

362 673 448 751 οίίτω
459 689 521 769 μὲν
536 678 680 765 σώζοιντ’
697 679 739 750 ἂν
752 688 807 751 καὶ
822 677 955 765 σώζοιεν
966 679 1027 768 τὴν
1038 679 1145 752 πόλιν·
1168 677 1268 750 ὁπότε
1283 679 1423 750 δἀύτοὶ
1436 681 1501 770 γῆν
1514 707 1547 750 τε

361 782 448 856 ἰδίαν
468 792 523 854 καὶ
547 783 654 867 οἰκίας
675 792 731 854 καὶ
758 788 947 875 νομίσματα
977 782 1174 874 κτήσονται,
1206 781 1378 874 οἰκονόμοι
1402 794 1465 874 μὲν
1493 793 1550 856 καὶ

358 895 495 983 γεωργοὶ
517 886 589 958 ἀντὶ
607 885 925 983 φυλάκωνέσονται,
949 887 1108 958 δεσπόται
1120 892 1272 983 δ’ἕχθροὶ
1284 885 1359 957 ἀντὶ
1370 885 1549 980 ξυμμάχων

357 995 423 1062 τῶν
444 991 552 1062 ἄλλων
573 996 715 1062 πολιτῶν
736 991 949 1082 γενήσονται,
970 995 1144 1082 μισοῦντες
1166 997 1202 1061 δὲ
1224 990 1265 1082 δὴ
1282 999 1337 1062 καί
1347 989 1550 1082 μισούμενοι

313 1089 317 1114 ³
358 1097 415 1166 καί
429 1092 693 1185 ἐπιβουλεύοντες
714 1103 770 1165 καὶ
785 1092 1070 1185 ἐπιβουλευόμενοι
1090 1089 1241 1181 διοίξουσι
1257 1093 1368 1165 ποίντα
1383 1094 1445 1166 τὸν
1463 1099 1550 1185 βίον,

357 1198 443 1270 πολὺ
465 1203 562 1270 πλείω
584 1206 640 1269 καὶ
660 1202 788 1289 μᾶλλον
810 1197 953 1280 δεδιότες
974 1198 1052 1280 τούς
1073 1201 1181 1284 ἔνδον,
1202 1197 1226 1289 ἢ
1245 1198 1325 1280 τοὺς
1339 1201 1469 1284 ἔξωθεν
1491 1227 1551 1269 πο-

361 1305 511 1393 λεμίους,
539 1308 720 1384 θέοντες
741 1301 815 1389 ἤδη
843 1301 938 1372 τότε
966 1301 1175 1392 ἐγγύτατα
1205 1301 1393 1398 ὀλέθρου
1424 1301 1551 1373 αὐτοί
1637 1351 1638 1356 1

360 1433 403 1476 τε
425 1414 495 1477 καὶ
516 1403 537 1492 ἦ
560 1405 665 1491 ἄλλη
691 1404 822 1489 πόλις.
863 1412 934 1476 Ηυο
960 1409 1057 1476 otiam
1080 1408 1195 1476 reterri
1217 1408 1334 1476 debent
1356 1429 1440 1498 quae
1462 1409 1549 1476 libro

359 1513 414 1581 IV.
433 1537 472 1640 p.
494 1515 571 1580 421.
599 1520 737 1580 exstant.
769 1509 856 1580 ἄλλα
877 1511 941 1580 τῶν
961 1519 1022 1601 μὲν
988 1509 1151 1580 ὲύίλλων
1174 1509 1316 1581 ἔλαττων
1343 1509 1456 1600 λόγος·
1480 1539 1552 1582 νευ-
1637 1539 1638 1560 ¹

361 1612 531 1711 ροῤῥοίφοι
558 1613 623 1707 γὰρ
646 1617 785 1740 φαυλρι
799 1611 966 1706 γενόμενοι
988 1621 1044 1684 καί
1076 1615 1327 1709 διαφθαρέντες
1356 1623 1413 1684 καί
1443 1639 1551 1736 προσ·
1637 1675 1638 1678 ,

359 1715 579 1808 ποιησάμενοι
600 1709 685 1788 εἶναι
700 1717 751 1842 μὴ
774 1715 865 1800 ὄντες
879 1715 972 1788 πόλει
984 1715 1080 1788 οὐδὲν
1091 1714 1210 1788 δεινόν·
1224 1715 1371 1813 φύλακες
1385 1723 1422 1788 δὲ
1437 1716 1552 1807 νόμιον

363 1845 399 1892 τε
415 1829 470 1892 καὶ
485 1819 668 1904 πόλεως
627 1851 673 1912 μη
688 1821 792 1905 σ’ντες,
815 1819 902 1891 ἀλλὰ
919 1818 1147 1905 δοκοῦντες,“
1131 1823 1233 1914 ορᾷς
1254 1820 1334 1905 δὴ“
1325 1816 1390 1891 σ’τι
1413 1825 1552 1891 πᾶσαν

362 1924 495 2016 ἄρδην
515 1924 641 1996 πόλιν
662 1922 902 1996 ἀπολλύασι
924 1953 952 1996 κ.
969 1952 996 1995 τ.
1016 1927 1042 1993 ἕ.
1057 1936 1090 1994 et
1110 1930 1144 1992 in
1165 1925 1227 1994 fine
1248 1927 1400 2014 paginae,
1423 1919 1550 2019 Ἕτερα

361 2028 420 2119 δὴ,
443 2026 486 2111 ὡς
507 2030 607 2112 ἔοικε,
633 2037 703 2112 τοῖς
725 2023 867 2126 φύλαξιν
894 2026 1091 2122 εὑρήκαμεν,
1122 2026 1265 2098 ίίπαντλ
1293 2027 1405 2124 τρόπῳ
1437 2036 1552 2125 φυλα-

359 2138 454 2202 κτέον
469 2126 557 2212 ὅπως
570 2130 697 2221 μήποτε
711 2131 834 2214 αὐτούς
855 2130 948 2222 λήσει
970 2131 1016 2213 εἰς
1029 2131 1090 2220 τὴν
1105 2129 1202 2202 πόλιν
1215 2129 1425 2221 παραδύντα.
1453 2139 1552 2203 Ποῖα

363 2238 488 2322 ταύτας
509 2233 665 2316 Πλοῦτός
678 2259 722 2319 τε,
744 2225 786 2320 ἦν
801 2233 834 2305 δ’
851 2235 928 2324 ἐγὼ,
949 2243 1004 2305 καὶ
1018 2239 1123 2306 πενία·
1145 2231 1196 2317 ὡς
1210 2240 1369 2328 τοῦμὲν
1384 2236 1551 2333 τρυφήν

363 2363 405 2409 τε
432 2346 501 2409 καί
533 2336 684 2433 ἀργίαν
712 2347 778 2408 καὶ
812 2339 1087 2432 νεωτερισμὸν
1122 2343 1364 2423 ποιοῦντος,
1396 2345 1472 2410 τοῦ
1509 2347 1552 2412 δὲ

363 2442 674 2537 ἀνελευθερίαν
695 2450 766 2512 καὶ
786 2445 1046 2534 κακοεργίαν
1067 2443 1170 2537 πρὸς
1191 2445 1244 2538 τῷ
1272 2449 1551 2540 νεωτερισμῷ.

448 2553 485 2616 Iu
507 2551 639 2617 eandem
664 2553 851 2617 sententiam
876 2549 1010 2637 scriptus
1045 2557 1094 2616 est
1117 2553 1168 2616 bic
1197 2549 1400 2638 Reipublicae
1435 2550 1549 2619 locus:

357 2648 448 2722 ’Art’
479 2644 561 2722 ὅταν
588 2679 640 2741 με,
671 2643 780 2741 οἶμαι,
811 2651 1012 2743 δημιουργὸς
1034 2650 1078 2721 ὢν
1097 2649 1122 2740 ἥ
1141 2678 1193 2732 τις
1217 2651 1318 2732 ἄλλος
1336 2653 1552 2742 χρηματιςὴς
1637 2679 1638 2682 ’

365 2753 481 2850 φύσει,
505 2757 616 2825 ἔπειτα
639 2751 853 2849 ἐπαιρόμενος
874 2753 894 2840 ἢ
914 2753 1046 2850 πλούτῳ
1066 2753 1090 2844 ἢ
1110 2753 1238 2842 πλήθει
1258 2753 1281 2842 ἢ
1303 2753 1395 2844 ἰσχύϊ
1413 2753 1434 2840 η’
1458 2755 1551 2850 ἄλλῳ
1637 2795 1638 2850 3

366 2885 411 2954 τῳ
425 2855 566 2954 τοιούτῳ
580 2856 624 2940 εἰς
637 2857 676 2927 τὸ
691 2861 753 2928 τού
765 2862 944 2948 πολεμικοῦ
959 2851 1046 2940 εἶδος
1059 2860 1202 2955 ἐπιχειρῇ
1214 2855 1315 2940 ἰέναι,
1336 2856 1357 2947 ἡ
1374 2861 1440 2928 τῶν
1452 2867 1552 2929 πολε·

364 2965 469 3054 μικῶν
489 2987 540 3042 τις
561 2959 607 3044 εἰς
628 2960 667 3031 τὸ
689 2989 747 3033 του
732 2964 984 3050 βουλευτικοῦ
1004 2970 1061 3032 καὶ
1082 2961 1232 3092 φύλακρς
1253 2959 1434 3046 ἆνοίξιος’
1409 2989 1475 3046 ιον,
1497 2971 1552 3031 καί

367 3091 411 3136 τα
431 3057 638 3154 ἀλλήλων
598 3092 692 3136 ουτοι
706 3065 835 3159 ὄργανα
849 3063 1130 3196 μεταλαμβύνμσι
1151 3072 1207 3134 κοιλ
1221 3065 1281 3148 τὰς
1294 3065 1409 3192 τιμὰς,
1428 3064 1455 3154 ἢ
1471 3061 1554 3137 ὅταν
1637 3145 1638 3158 2

366 3167 502 3251 ὁαύτὸς
522 3167 632 3240 πάντα
647 3174 754 3240 ταῦτα
766 3163 836 3261 ίίμα
855 3175 997 3268 ε’πιχειρη
1011 3169 1182 3263 πράττειν,
1204 3167 1278 3238 τότε
1300 3163 1395 3258 οἶμαι
1416 3178 1476 3240 καὶ
1499 3179 1552 3240 σοὶ
1637 3165 1638 3246 i

367 3279 475 3345 δοκεῖν
496 3272 650 3359 ταύτην
671 3273 746 3363 τὴν
767 3271 923 3344 τούτων
943 3272 1180 3366 μεταβολὴν
1207 3281 1276 3343 καὶ
1303 3279 1552 3378 πολυπραγ-

365 3374 554 3469 μοσύνην
582 3375 773 3472 ὄλεθρον
801 3370 911 3450 εἶναι
933 3381 978 3475 τῇ
1003 3375 1134 3452 πόλει.
1164 3375 1369 3447 Παντάπασι
1395 3387 1460 3468 μὲν
1483 3379 1553 3448 οὐν.

369 3484 417 3552 Cf.
441 3485 508 3552 Pol
528 3483 587 3550 lib.
611 3487 664 3551 IV.
688 3504 720 3573 p.
742 3485 846 3551 bbbss
837 3507 882 3550 rn.
908 3484 952 3551 st

451 3593 517 3656 Iam
539 3590 665 3656 ridetur
689 3591 723 3655 in
742 3588 894 3657 auxilium
915 3593 1076 3657 vocandus
1099 3609 1169 3654 esse
1193 3587 1376 3673 praeclarus
1397 3586 1455 3653 ilic
1477 3591 1553 3654 Rei·

367 3692 514 3779 publieae
539 3694 645 3772 locus,
671 3701 831 3779 ,quotam
866 3693 1033 3780 perspicue
1051 3692 1208 3779 'clareque
1236 3696 1275 3759 de
1296 3690 1552 3776 rerumpublica-

366 3817 439 3864 rum
460 3800 699 3865 conservatione
724 3804 756 3863 et
782 3799 929 3878 interitu,
967 3819 1008 3863 cx
1037 3799 1172 3863 musices
1210 3795 1344 3862 diversis
1375 3795 1551 3880 generibus

366 3906 558 3986 repetendo,
586 3899 735 3968 disseruit
767 3903 936 3977 Plato,·ut
965 3904 1053 3966 reete
1085 3920 1125 3966 oo
1157 3899 1205 3966 uti
1236 3920 1330 3986 posse
1362 3900 1550 3975 videamur,

367 4005 471 4074 sicubi
491 4005 659 4072 decadem
685 4027 720 4073 re
736 4003 901 4072 obscurius
920 4003 1048 4071 dixerit.
1090 4006 1200 4070 Tradit
1218 4011 1341 4069 autem:
1365 4002 1552 4091 Rempubii-
1637 4073 1638 4096 ρ

367 4133 437 4180 cam
463 4131 546 4199 quae
571 4110 668 4176 semel
693 4115 774 4178 bene
799 4129 927 4176 currere
941 4111 1101 4196 coeperit,
1124 4127 1261 4196 pergere
1280 4109 1551 4193 quemadmodum
1637 4153 1638 4186 t

369 4216 464 4284 orbes
485 4214 624 4292 soleant,
652 4217 705 4300 qui
733 4234 857 4301 semper
883 4216 1018 4280 maiores
1047 4211 1134 4278 fiant.
1185 4215 1263 4277 Nam
1292 4209 1409 4278 bonam
1434 4214 1552 4278 eduea-

367 4323 488 4389 tionem
511 4317 598 4390 bona
620 4317 747 4404 ingenia
770 4316 915 4396 efficere,
939 4319 1031 4384 bonis
1053 4333 1132 4384 voro
1153 4315 1288 4402 ingeniis
1310 4317 1495 4401 praeditos,
1523 4319 1550 4381 si
