3312 5238
874 411 1105 478 -1ts-

408 575 528 657 posset,
552 575 705 658 quatenus
721 591 758 636 ea
782 569 927 658 quaefflo
952 573 1162 658 adoptimum
1183 572 1348 638 eivitutem
1367 569 1581 657 sermonisque

408 671 583 740 institutam
611 676 781 750 rationem,
795 691 799 699 ·
815 695 896 760 quae
918 676 990 740 talis
1010 681 1073 752 est,
1105 683 1142 742 ut
1160 683 1220 760 per
1240 674 1582 760 speeiem¹illustrsntla

408 777 547 844 iustitiae
567 779 774 863 praestantia,
804 780 942 865 optimae
966 778 1100 845 civitatis
1124 778 1296 864 imaginem
1317 787 1488 866 proponat,
1512 800 1583 867 per-

407 880 535 947 tineret.
579 885 627 948 lta
652 883 735 947 enim
759 881 870 959 fiebat,
898 889 935 948 ut
956 885 1091 949 cumulo
1114 883 1252 970 optimae
1277 883 1429 961 civitatis,
1455 889 1524 948 tum
1546 881 1582 949 de

406 984 544 1050 iustitiae
568 983 759 1070 praestantia
779 988 897 1051 rectius
918 987 1198 1072 iudieari¹posset3
1227 1007 1290 1073 quo
1310 993 1447 1072 utruque
1470 985 1583 1052 efficie-

406 1083 519 1166 batur,
550 1095 587 1154 ιιι
606 1109 648 1156 ne
670 1091 740 1176 quis
765 1087 848 1156 sorte
869 1087 963 1154 aliam
988 1089 1168 1176 quampiam
1193 1089 1352 1156 oiubatem
1377 1092 1582 1177 praestantio-

405 1213 474 1257 rem
500 1200 636 1277 putaret.
681 1191 777 1261 Vides
798 1179 895 1278 igitur
913 1192 962 1258 his
984 1195 1080 1258 attexi
1102 1195 1193 1279 quasi
1212 1197 1346 1260 stamina
1365 1193 1523 1261 sermonis
1546 1197 1581 1260 (le

404 1296 569 1384 republica
590 1285 705 1364 octauo
731 1303 764 1363 et
787 1317 873 1364 nono
897 1296 982 1364 libro
1006 1299 1204 1382 pertexendi.

853 1497 1124 1514 m
1191 1511 1192 1516 ,

501 1685 643 1776 Quarti
663 1686 757 1762 ulai
775 1689 889 1790 fimas
913 1694 1031 1762 reate
1041 1708 1090 1760 uo
1114 1708 1185 1762 auo
1210 1629 1294 1762 loeo
1309 1627 1482 1788 poetam

805 1841 917 1912 esse,
945 1817 1199 1904 ostenditur.

417 2049 419 2056 ,
486 2003 605 2088 Pagina
631 2003 764 2069 lili).
789 2005 835 2071 St.
859 2023 962 2070 nouae
982 1957 1189 2089 quaestiomt,
1218 2005 1451 2089 quietantiam
1474 2004 1577 2088 operis

401 2103 523 2195 purtem
549 2105 680 2182 efficiat,
714 2106 839 2172 initium
866 2127 938 2172 esse
961 2126 1094 2194 eamque
1120 2111 1205 2173 huno
1224 2115 1326 2176 totum
1348 2107 1469 2174 lihmm
1494 2129 1579 2176 nom·

401 2210 509 2297 plere,
536 2211 605 2296 ipse
627 2209 938 2276 Sahleiermacherus
959 2209 1115 2298 latetur*).
1159 2215 1200 2278 Et
1221 2227 1298 2278 vere
1326 2232 1381 2278 res
1404 2213 1450 2276 ita
1473 2210 1577 2278 lubet.-

401 2318 481 2380 Nam
506 2313 582 2380 inde
611 2312 651 2379 ab
680 2334 719 2380 eo
746 2313 820 2380 loco
843 2314 1044 2392 iniustitia,
1079 2337 1151 2382 oum
1175 2317 1209 2380 in
1230 2316 1357 2385 civitate
1378 2323 1447 2382 tum
1469 2317 1504 2382 iu
1525 2319 1579 2381 ho-

400 2417 494 2484 minis
514 2418 619 2484 animo
636 2421 833 2503 quaerenda,
861 2419 964 2484 omnis
983 2439 1088 2486 sermo
1104 2427 1289 2506 occupatur.
1327 2421 1369 2484 lt
1382 2441 1460 2486 vero
1475 2426 1579 2486 osten·

401 2525 523 2600 dimus,
556 2541 638 2610 quae
666 2525 751 2588 hune
773 2521 880 2588 locum
909 2524 1055 2609 proxime
1084 2521 1296 2609 praecedunt,
1330 2525 1370 2590 iis
1396 2545 1471 2590 unna
1492 2525 1578 2612 prio·

398 2643 469 2692 ren
491 2628 709 2712 quaestionem
730 2625 852 2704 ebusi,
890 2634 958 2692 tum
984 2629 1104 2692 aditum
1128 2629 1169 2692 ad
1196 2649 1313 2693 novam
1342 2629 1471 2715 aperiri.
1516 2632 1578 2693 blau

400 2745 554 2816 quaerere
577 2729 774 2814 negleximus
793 2750 859 2815 quo
879 2731 913 2796 id
936 2730 1071 2796 oonsilio
1085 2731 1203 2798 fantum
1228 2733 1385 2796 videaur.
1430 2734 1499 2797 Neo
1514 2754 1577 2797 nun

398 2835 478 2901 vidit
500 2832 811 2900 Sehleienmacherus
834 2835 868 2898 in
893 2834 1007 2919 quarti*
1024 2835 1099 2900 iibri
1118 2836 1185 2900 fine
1207 2853 1355 2919 magnam
1376 2837 1486 2922 operis
1508 2855 1577 2922 pau·

398 2944 463 3002 tom
488 2945 521 3003 et
545 2938 621 3002 satis
647 2957 776 3022 gravem
798 2936 912 3007 claudi.
957 2938 1004 3003 cl.
1025 2959 1057 3022 p.
1079 2937 1157 3005 5.-1.
1181 2942 1215 3003 3.
1237 2940 1354 3005 introd.
1381 2942 1465 3006 *uos
1492 2943 1575 3006 adeo

397 3043 459 3108 isos
484 3039 566 3108 libro
589 3041 792 3129 Reipublicae
820 3042 980 3125 perfectae
1002 3041 1305 3126 pertumulteraun,
1337 3063 1433 3130 quam
1456 3038 1497 3108 τὸ
1521 3045 1577 3110 αἰ-
1637 3097 1638 3138 5

397 3148 506 3236 δριῖοι
527 3145 638 3236 δρᾶμα
660 3143 748 3210 ΡΙιιο
774 3143 932 3222 nominet,
964 3143 1025 3210 boo
1053 3143 1136 3212 libro
1164 3143 1248 3214 liniri
1277 3167 1354 3212 mox
1377 3143 1575 3216 donabimus.
1637 3159 1638 3172 ¹

396 3253 515 3316 Tamen
546 3269 626 3314 vero
654 3249 688 3314 id
720 3247 807 3314 Plato
840 3256 905 3314 tam
931 3247 1044 3333 parum
1072 3268 1230 3337 apparere
1260 3248 1376 3325 uoluit,
1398 3256 1447 3316 -ἰι
1474 3249 1575 3334 ipsius

395 3373 502 3420 novae
520 3351 716 3436 quaestionis
738 3353 801 3416 iam
826 3359 940 3438 quarto
972 3351 1055 3418 libro
1081 3341 1105 3418 ι’
1127 3373 1159 3440 p.
1187 3351 1479 3423 tiasensium
1506 3374 1574 3420 essa

394 3459 568 3527 videamus.
611 3457 701 3534 Quae
721 3455 791 3539 ipsa
811 3477 865 3520 res
883 3463 1067 3541 argumento
1086 3459 1182 3522 debet
1198 3477 1280 3532 esse,
1303 3455 1467 3524 Platonem
1478 3477 1575 3542 quae-

394 3565 532 3630 stionum
560 3558 650 3626 initia
680 3567 734 3625 aut
763 3559 864 3624 ιιιιιι
891 3559 1070 3626 noluisse
1061 3581 1095 3624 un
1121 3563 1191 3648 ipsa
1216 3560 1374 3626 librorum·
1400 3561 1494 3626 initia
1522 3569 1575 3626 aut

394 3665 561 3732 exitusita
582 3661 735 3741 insilere,
758 3670 795 3729 ιιι
817 3662 972 3760 dialogus
977 3665 1178 3750 systematini
1199 3666 1305 3752 operis
1325 3672 1490 3764 strenuam
1506 3663 1574 3733 ior

393 3791 477 3835 mam
498 3767 653 3836 indueret

463 4005 487 4076 *)
506 4007 547 4062 cl.
566 4021 593 4073 p.
614 4009 658 4061 ιθ.
678 4008 696 4061 l.
716 4003 761 4060 1³.
780 4005 879 4062 lutrod.

729 4195 1252 4232 ι·---·ι---ιι-ιιιηιιιι---ν-π-Δ
