3344 5234
876 373 1089 445 ...qq-

277 536 280 542 ’
390 541 505 640 quoqa
526 542 651 625 πόλεως
666 545 913 634 descriptionem
928 570 947 612 a
962 541 1135 632 proposito
1146 548 1266 631 operis,
1290 565 1373 632 quae
1387 550 1437 612 est
1450 546 1567 631 optima

388 651 510 728 civitas,
542 651 676 716 alienam
703 653 815 717 videri
859 651 1039 738 Adhibetur
1071 671 1141 716 eam
1171 653 1214 716 ob
1243 671 1387 727 causam,
1419 655 1474 725 nt,
1504 669 1568 714 non
1607 727 1609 734 .

387 753 516 841 prodito
539 755 691 831 consilio,
729 773 793 820 non
819 757 929 840 quaeri
950 756 1122 831 iustitiam,
1155 757 1211 820 sed
1236 756 1343 840 potius
1362 756 1402 818 ad
1424 772 1567 818 normam

389 850 632 944 cius'optimam
654 860 811 925 civitatem
832 860 972 934 institui,
1008 861 1048 923 dc
1070 859 1189 943 optima
1214 860 1358 934 civitate.
1388 859 1477 922 enicas
1495 877 1567 942 pars

291 1048 293 1052 .
387 970 461 1027 sunt
482 963 608 1036 milites,
629 965 771 1047 adquae
797 965 860 1027 iam
885 964 1040 1048 pergebat
1061 963 1177 1038 oratio,
1204 964 1312 1028 dicere
1335 969 1451 1046 posset.
1488 963 1569 1026 Nam

388 1065 464 1130 luxu
488 1067 627 1150 gignitur
648 1066 787 1143 bellum,-
819 1064 902 1131 bello
923 1073 1040 1130 auteur
1060 1064 1185 1130 milites
1206 1066 1376 1130 necessarii
1401 1065 1490 1129 fiunt.
1535 1065 1568 1126 Si

388 1189 440 1233 res
464 1189 529 1234 uon
557 1171 601 1234 ita
634 1177 736 1245 esset,
774 1172 829 1233 sed
855 1190 912 1234 sua
926 1170 1033 1234 etium
1058 1189 1153 1234 causa
1177 1167 1387 1234 luxuriantem
1410 1169 1567 1234 civitatem

388 1274 595 1349 describeret,
620 1285 727 1338 nonne
748 1272 849 1338 multo
872 1273 988 1337 diutius
1011 1274 1045 1335 in
1066 1275 1126 1337 bac
1146 1292 1193 1348 re,
1217 1275 1257 1336 de
1278 1293 1342 1356 qua
1361 1270 1462 1338 multo
1477 1270 1569 1356 plura

389 1379 523 1442 dicenda
545 1383 635 1441 erant
657 1377 711 1457 (cl.
732 1375 787 1441 lib.
810 1378 893 1443 vlu.
911 1378 995 1456 lX.)‚
1023 1377 1211 1441 commorari
1235 1377 1408 1452 debuisset,
1430 1395 1490 1440 nec
1504 1383 1568 1440 nm

389 1478 537 1545 celeriter
564 1483 604 1544 ad
630 1481 840 1555 contrarium,
878 1478 909 1550 lr.
936 1501 963 1544 e.
988 1481 1073 1544 vitiis
1094 1499 1209 1564 puram
1233 1480 1408 1556 civitatem,
1441 1478 1565 1555 redire,

389 1587 475 1669 quod
503 1604 568 1649 non
601 1585 925 1648 animadvertentibus
957 1584 1033 1668 ipsis
1062 1581 1180 1649 lactum
1213 1603 1282 1648 esse
1309 1603 1403 1669 saepe
1431 1581 1566 1648 fatetur?

389 1690 543 1753 Iustitiam
574 1689 606 1752 in
638 1689 765 1753 civitate
789 1687 959 1752 luxurianti
983 1687 1121 1752 inveniri
1144 1707 1207 1751 non
1237 1707 1332 1772 posse
1354 1685 1447 1751 facile
1465 1695 1565 1772 patet,

388 1793 485 1877 idque
509 1792 671 1861 Platonem
707 1793 811 1876 ipsum
843 1792 926 1855 intra
961 1811 1055 1876 saepe
1090 1809 1235 1872 asserere
1267 1793 1422 1856 videmus.
1478 1792 1511 1854 Si
1534 1792 1568 1857 in

280 1949 283 1957 .
387 1890 546 1988 τρυφώσῃ
579 1890 672 1962 πόλει
686 1897 827 1959 inventa
855 1902 941 1959 esset·
966 1895 1103 1969 iustitia,
1144 1913 1226 1980 quae
1254 1894 1300 1957 ibi
1337 1893 1398 1958 alia
1431 1894 1567 1958 inveniri

386 2001 489 2085 potuit
513 1999 579 2074 illa,
603 2017 697 2084 quam
724 2018 819 2084 supra
838 1998 1005 2083 descripsit
1028 1997 1170 2062 Glauco?
1202 1999 1248 2061 uf.
1274 2018 1307 2083 p.
1334 1997 1407 2074 358,
1437 2001 1473 2062 Ε.
1499 2017 1566 2083 sqq.

388 2105 494 2179 Quare
518 2123 560 2166 ne
586 2103 701 2166 mirum
728 2104 887 2168 accideret
913 2101 1090 2184 legentibus
1115 2103 1201 2184 quod
1226 2102 1266 2165 de
1293 2101 1448 2165 eiusmodi
1470 2104 1567 2165 rebus

387 2213 508 2290 egeret,
532 2213 563 2270 et
586 2212 622 2270 ut
644 2213 848 2270 conservaret
872 2204 982 2271 l'alsam
1007 2205 1143 2288 speciem
1166 2206 1207 2269 de.
1231 2206 1338 2290 operis
1362 2205 1426 2270 fine
1448 2205 1567 2270 excita

386 2317 468 2386 tam,
500 2309 551 2374 bic
582 2311 722 2374 additum
746 2317 838 2394 puta⁶
855 2307 1007 2372 clamasse
1030 2309 1074 2372 ita
1102 2307 1214 2372 melius
1240 2307 1375 2392 intelligi
1403 2311 1566 2392 quomodo

386 2411 506 2478 iustitia
528 2420 560 2478 et
580 2415 732 2478 iniustitia
754 2414 788 2476 in
810 2407 943 2476 urbibus
965 2413 1120 2476 oriantur.
1131 2394 1152 2470 ss
1181 2414 1328 2477 Socrates
1341 2418 1447 2476 autem
1461 2413 1566 2476 adbuc

386 2538 452 2582 non
466 2521 553 2582 banc
565 2563 575 2594 ‚
612 2519 668 2581 sed
692 2511 777 2580 illam
806 2537 842 2580 se
873 2517 1027 2601 quaerere
1048 2518 1179 2584 dixerat.
1225 2517 1288 2580 Sed
1310 2519 1458 2601 poterunt
1488 2514 1566 2580 baec

386 2621 430 2686 ita
455 2623 556 2707 accipi
579 2621 668 2706 qsrasi
689 2623 817 2684 invento
839 2619 956 2695 alteros
979 2619 1111 2684 alterum
1136 2628 1248 2705 sponte
1270 2625 1411 2704 patercts
1431 2625 1465 2682 et
1478 2621 1566 2684 ride-

386 2728 480 2790 batur
499 2726 669 2789 iniustitiae
695 2725 797 2816 maior
823 2743 892 2788 csse
915 2726 1117 2792 necessitudo
1139 2745 1211 2788 cum
1233 2723 1405 2788 luxurianti
1426 2723 1563 2787 civitate.

387 2831 494 2906 Quare
519 2833 599 2894 banc
620 2829 714 2892 etiam
729 2819 773 2892 'se
794 2847 949 2911 quaerere
971 2827 1108 2904 simulat,
1132 2846 1196 2892 nou
1216 2825 1447 2911 vere'quaerit.
1487 2829 1566 2890 Sunt

385 2935 482 3017 igitur
508 2931 585 2996 baec
611 2930 937 2996 omnia'callidissime
950 2932 1093 2995 instiurta
1108 2933 1147 2994 ad
1163 2931 1383 3016 decipiendum
1398 2929 1562 2994 lectorem.

385 3042 487 3122 Atque
514 3035 592 3100 baec
616 3037 685 3120 ipsa
711 3055 828 3100 evera
853 3036 1038 3120 quaestione
1060 3031 1220 3099 aberratio
1246 3041 1278 3097 et
1301 3035 1335 3104 in
1354 3035 1565 3100 describenda
1650 3101 1651 3110 ,

385 3139 557 3205 luxurianti
573 3139 699 3204 civitate
720 3159 819 3224 parva
841 3137 1048 3202 commoratio
1062 3139 1148 3212 facit,
1176 3140 1212 3201 ut
1227 3144 1314 3202 tanto
1327 3138 1427 3220 magis
1442 3135 1565 3201 celetur

386 3262 537 3328 quorsum
566 3245 674 3307 tendat
701 3240 804 3307 omnis
830 3261 937 3306 sermo
972 3247 1003 3304 et
1038 3241 1092 3324 qui
1118 3241 1159 3303 sit
1185 3239 1259 3302 linis
1285 3240 1372 3314 eius,
1410 3246 1442 3303 et
1463 3247 1499 3304 ut
1525 3257 1564 3304 eo
1650 3233 1651 3302 ὲ

385 3349 483 3412 tutius
505 3349 539 3412 in
561 3345 770 3411 describenda
790 3343 931 3430 perlecta
952 3345 1096 3419 civitate,
1126 3362 1261 3426 pergere
1285 3344 1394 3427 possit

470 3453 532 3515 Sed
552 3452 678 3514 attende
701 3450 882 3539 sequentia:
906 3442 926 3528 ἡ
947 3455 1007 3534 μὲν
1029 3433 1087 3512 οὖν
1109 3441 1256 3526 ἀληθινὴ
1278 3441 1374 3522 πόλις
1396 3447 1489 3511 δοκεῖ
1506 3469 1565 3530 μοι

385 3545 470 3621 εἶναι
498 3548 538 3634 ἣν
567 3548 832 3638 διεληλύθαμεν,
865 3543 970 3640 ὥσπερ
999 3545 1093 3636 ὑγιής
1120 3565 1179 3626 τις·
1209 3545 1239 3614 εἰ
1264 3545 1298 3614 δ’
1324 3535 1366 3614 αὖ
1393 3543 1565 3632 βούλεσθε

385 3664 440 3724 καὶ
470 3658 737 3747 φλεγμαίνουσαν
766 3649 863 3720 atto
890 3649 1129 3740 θεωρήσωμεν,
1156 3648 1250 3718 οὐδὲν
1273 3642 1465 3716 ἀπὸκωλύει.
1513 3654 1565 3717 Cf..

384 3779 415 3847 p.
442 3763 517 3837 372,
540 3764 575 3829 Ε.
594 3787 596 3794 ’
612 3761 701 3837 Quae
715 3755 811 3822 verba
826 3755 1204 3842 quomodo'intelligenda
1218 3757 1280 3820 sint
1293 3754 1425 3820 multum
1435 3757 1566 3842 quaesi-

384 3872 500 3930 verunt
519 3863 728 3948 interpretes}
750 3864 842 3925 nobis
859 3860 989 3925 dubium
1004 3851 1074 3924 non·
1094 3865 1152 3935 est,
1176 3859 1253 3945 quin
1267 3861 1316 3924 bis
1329 3860 1440 3924 innuat
1458 3859 1561 3936 Plato,

385 3991 404 4034 a
425 3969 567 4054 perfecta
590 3957 732 4041 civitate,
764 3981 858 4050 quam
882 3983 958 4029 vere
988 3971 1109 4050 spectet
1134 3967 1193 4028 bac
1218 3965 1304 4028 omni
1326 3962 1564 4048 disputatioch

384 4073 522 4138 alienum
546 4087 615 4136 esse
633 4069 738 4134 dicere
762 4066 881 4143 debis,
909 4085 980 4132 uam
1004 4069 1098 4132 etiam
1120 4070 1234 4131 tertiae
1259 4065 1375 4131 civium
1401 4066 1508 4132 classis
1530 4067 1565 4132 in

384 4179 529 4265 perlecta
555 4177 681 4240 civitate
708 4172 826 4240 rictum
853 4180 948 4258 atque
972 4186 1098 4238 omnem
1121 4169 1251 4236 vivendi
1270 4171 1427 4238 rationem
1450 4170 1566 4236 mode·

384 4289 485 4347 ratam
504 4299 573 4346 esse
594 4269 731 4360 deberet
757 4295 794 4344 ac
807 4283 980 4363 prepterea
992 4295 1031 4342 ea
1045 4292 1127 4363 quae
1145 4268 1379 4343 adhuedinerit
1392 4269 1564 4358 ἀληθινῆς
