<?xml version="1.0" encoding="UTF-8"?>
<!DOCTYPE html PUBLIC "-//W3C//DTD XHTML 1.0 Transitional//EN"
    "http://www.w3.org/TR/xhtml1/DTD/xhtml1-transitional.dtd">
<html xmlns="http://www.w3.org/1999/xhtml" xml:lang="en" lang="en">
 <head>
  <title>
</title>
<meta http-equiv="Content-Type" content="text/html;charset=utf-8" />
  <meta name='ocr-system' content='tesseract 3.04.00' />
  <meta name='ocr-capabilities' content='ocr_page ocr_carea ocr_par ocr_line ocrx_word'/>
</head>
<body>
  <div class='ocr_page' id='page_1' title='image "./prolegomenaadpl00rettgoog_0283.png"; bbox 0 0 3296 5232; ppageno 0'>
   <div class='ocr_carea' id='block_1_1' title="bbox 619 1191 1321 1342">
    <p class='ocr_par' dir='ltr' id='par_1_1' title="bbox 619 1191 1321 1342">
     <span class='ocr_line' id='line_1_1' title="bbox 619 1191 1321 1342; baseline 0.007 -35"><span class='ocrx_word' id='word_1_1' title='bbox 619 1191 925 1342; x_wconf 81' lang='lat' dir='ltr'><strong>Reipublicae</strong></span> <span class='ocrx_word' id='word_1_2' title='bbox 942 1219 1076 1314; x_wconf 78' lang='lat' dir='ltr'><strong>,liber</strong></span> <span class='ocrx_word' id='word_1_3' title='bbox 1104 1217 1321 1312; x_wconf 83' lang='lat' dir='ltr'><strong>decimus.</strong></span> 
     </span>
    </p>
   </div>
   <div class='ocr_carea' id='block_1_2' title="bbox 845 1605 1098 1672">
    <p class='ocr_par' dir='ltr' id='par_1_2' title="bbox 845 1605 1098 1672">
     <span class='ocr_line' id='line_1_2' title="bbox 845 1605 1098 1672; baseline -0.008 0"><span class='ocrx_word' id='word_1_4' title='bbox 845 1605 1031 1672; x_wconf 64' lang='lat'>820110</span> <span class='ocrx_word' id='word_1_5' title='bbox 1061 1607 1098 1670; x_wconf 85' lang='lat'><strong>1.-</strong></span> 
     </span>
    </p>
   </div>
   <div class='ocr_carea' id='block_1_3' title="bbox 307 1780 1566 4277">
    <p class='ocr_par' dir='ltr' id='par_1_3' title="bbox 307 1780 1566 4277">
     <span class='ocr_line' id='line_1_3' title="bbox 469 1780 1565 1890; baseline 0.005 -26"><span class='ocrx_word' id='word_1_6' title='bbox 469 1797 540 1864; x_wconf 77' lang='grc' dir='ltr'><strong>Καὶ</strong></span> <span class='ocrx_word' id='word_1_7' title='bbox 566 1791 651 1884; x_wconf 77' lang='grc' dir='ltr'><strong>μὴν,Ι</strong></span> <span class='ocrx_word' id='word_1_8' title='bbox 665 1780 769 1880; x_wconf 58' lang='grc' dir='ltr'><strong><em>’ἦνιῗ</em></strong></span> <span class='ocrx_word' id='word_1_9' title='bbox 794 1794 872 1885; x_wconf 75' lang='grc' dir='ltr'><strong>ἐγὼ,</strong></span> <span class='ocrx_word' id='word_1_10' title='bbox 893 1794 1001 1865; x_wconf 80' lang='grc' dir='ltr'><strong><em>πολλὰ</em></strong></span> <span class='ocrx_word' id='word_1_11' title='bbox 1021 1801 1082 1882; x_wconf 77' lang='grc' dir='ltr'><strong>μέν</strong></span> <span class='ocrx_word' id='word_1_12' title='bbox 1102 1800 1158 1862; x_wconf 79' lang='grc' dir='ltr'><strong>καὶ</strong></span> <span class='ocrx_word' id='word_1_13' title='bbox 1180 1791 1267 1864; x_wconf 76' lang='grc' dir='ltr'><strong><em>ἄλλα</em></strong></span> <span class='ocrx_word' id='word_1_14' title='bbox 1289 1801 1362 1890; x_wconf 75' lang='grc' dir='ltr'><strong><em>περὶ</em></strong></span> <span class='ocrx_word' id='word_1_15' title='bbox 1386 1794 1499 1884; x_wconf 72' lang='grc' dir='ltr'><strong><em>αὐτῆς</em></strong></span> <span class='ocrx_word' id='word_1_16' title='bbox 1522 1802 1565 1869; x_wconf 84' lang='grc' dir='ltr'><strong>έν-</strong></span> 
     </span>
     <span class='ocr_line' id='line_1_4' title="bbox 385 1895 1566 1994; baseline 0.003 -26"><span class='ocrx_word' id='word_1_17' title='bbox 385 1899 463 1980; x_wconf 73' lang='grc' dir='ltr'><strong>νοῶ,</strong></span> <span class='ocrx_word' id='word_1_18' title='bbox 498 1895 541 1980; x_wconf 79' lang='grc' dir='ltr'><strong>ὡς</strong></span> <span class='ocrx_word' id='word_1_19' title='bbox 568 1897 694 1981; x_wconf 84' lang='grc' dir='ltr'><strong><em>παντὸς</em></strong></span> <span class='ocrx_word' id='word_1_20' title='bbox 723 1897 790 1992; x_wconf 77' lang='grc' dir='ltr'><strong>ἄρα</strong></span> <span class='ocrx_word' id='word_1_21' title='bbox 813 1902 942 1992; x_wconf 78' lang='grc' dir='ltr'><strong><em>μᾶλλον</em></strong></span> <span class='ocrx_word' id='word_1_22' title='bbox 964 1895 1081 1990; x_wconf 77' lang='grc' dir='ltr'><strong><em>ὀρθῶς</em></strong></span> <span class='ocrx_word' id='word_1_23' title='bbox 1102 1895 1257 1994; x_wconf 77' lang='grc' dir='ltr'><em>ᾠκίζομεν</em></span> <span class='ocrx_word' id='word_1_24' title='bbox 1277 1897 1337 1985; x_wconf 79' lang='grc' dir='ltr'><strong>τὴν</strong></span> <span class='ocrx_word' id='word_1_25' title='bbox 1357 1898 1477 1986; x_wconf 83' lang='grc' dir='ltr'><strong><em>πόλιν,</em></strong></span> <span class='ocrx_word' id='word_1_26' title='bbox 1511 1901 1566 1993; x_wconf 72' lang='grc' dir='ltr'><strong>οὐχ</strong></span> 
     </span>
     <span class='ocr_line' id='line_1_5' title="bbox 384 1994 1563 2100; baseline 0.008 -31"><span class='ocrx_word' id='word_1_27' title='bbox 384 1994 504 2085; x_wconf 62' lang='grc' dir='ltr'><strong><em>ἥκιστα</em></strong></span> <span class='ocrx_word' id='word_1_28' title='bbox 533 2006 578 2071; x_wconf 74' lang='grc' dir='ltr'><strong>ὁέ</strong></span> <span class='ocrx_word' id='word_1_29' title='bbox 597 2007 807 2092; x_wconf 73' lang='grc' dir='ltr'><strong><em>ἐνθυμηθεὶς</em></strong></span> <span class='ocrx_word' id='word_1_30' title='bbox 832 2008 906 2096; x_wconf 76' lang='grc' dir='ltr'><strong><em>περὶ</em></strong></span> <span class='ocrx_word' id='word_1_31' title='bbox 933 1998 1094 2086; x_wconf 80' lang='grc' dir='ltr'><strong><em>ποιήσεως</em></strong></span> <span class='ocrx_word' id='word_1_32' title='bbox 1121 2005 1213 2091; x_wconf 55' lang='grc' dir='ltr'><strong>λέγω</strong></span> <span class='ocrx_word' id='word_1_33' title='bbox 1262 2003 1312 2072; x_wconf 81' lang='grc' dir='ltr'><strong>Τὸ.</strong></span> <span class='ocrx_word' id='word_1_34' title='bbox 1338 2011 1456 2091; x_wconf 80' lang='grc' dir='ltr'><strong><em>ποῖσν;</em></strong></span> <span class='ocrx_word' id='word_1_35' title='bbox 1495 2007 1563 2100; x_wconf 81' lang='grc' dir='ltr'><strong><em>ἔφη.</em></strong></span> 
     </span>
     <span class='ocr_line' id='line_1_6' title="bbox 389 2098 1564 2203; baseline 0.006 -31"><span class='ocrx_word' id='word_1_36' title='bbox 389 2103 447 2178; x_wconf 85' lang='grc' dir='ltr'><strong>Τὸ.</strong></span> <span class='ocrx_word' id='word_1_37' title='bbox 465 2109 601 2203; x_wconf 72' lang='grc' dir='ltr'><strong>μηδαμῃΙ</strong></span> <span class='ocrx_word' id='word_1_38' title='bbox 631 2112 887 2197; x_wconf 74' lang='grc' dir='ltr'><strong><em>παραδέχεσθαι</em></strong></span> <span class='ocrx_word' id='word_1_39' title='bbox 917 2102 1020 2189; x_wconf 75' lang='grc' dir='ltr'><strong><em>αὐτῆς</em></strong></span> <span class='ocrx_word' id='word_1_40' title='bbox 1046 2098 1109 2189; x_wconf 79' lang='grc' dir='ltr'><strong>ὅση</strong></span> <span class='ocrx_word' id='word_1_41' title='bbox 1137 2103 1308 2195; x_wconf 79' lang='grc' dir='ltr'><strong><em>μιμητική.</em></strong></span> <span class='ocrx_word' id='word_1_42' title='bbox 1342 2107 1476 2191; x_wconf 81' lang='grc' dir='ltr'><strong><em>παντὸς</em></strong></span> <span class='ocrx_word' id='word_1_43' title='bbox 1503 2110 1564 2203; x_wconf 80' lang='grc' dir='ltr'><strong>γὰρ</strong></span> 
     </span>
     <span class='ocr_line' id='line_1_7' title="bbox 384 2206 1564 2303; baseline 0.008 -29"><span class='ocrx_word' id='word_1_44' title='bbox 384 2209 512 2295; x_wconf 83' lang='grc' dir='ltr'><strong><em>μᾶλλον</em></strong></span> <span class='ocrx_word' id='word_1_45' title='bbox 543 2206 582 2278; x_wconf 83' lang='grc' dir='ltr'><strong>οὐ</strong></span> <span class='ocrx_word' id='word_1_46' title='bbox 610 2215 818 2303; x_wconf 77' lang='grc' dir='ltr'><strong><em>παραδεκτέα</em></strong></span> <span class='ocrx_word' id='word_1_47' title='bbox 846 2212 903 2278; x_wconf 82' lang='grc' dir='ltr'><strong>νῦν</strong></span> <span class='ocrx_word' id='word_1_48' title='bbox 931 2215 986 2277; x_wconf 79' lang='grc' dir='ltr'><strong>καὶ</strong></span> <span class='ocrx_word' id='word_1_49' title='bbox 1014 2213 1261 2302; x_wconf 70' lang='grc' dir='ltr'><strong><em>ἐναργέστερον,</em></strong></span> <span class='ocrx_word' id='word_1_50' title='bbox 1294 2207 1338 2292; x_wconf 77' lang='grc' dir='ltr'><strong>ὦς</strong></span> <span class='ocrx_word' id='word_1_51' title='bbox 1365 2215 1440 2302; x_wconf 79' lang='grc' dir='ltr'><strong><em>ἐμοὶ</em></strong></span> <span class='ocrx_word' id='word_1_52' title='bbox 1464 2217 1564 2298; x_wconf 79' lang='grc' dir='ltr'><strong><em>δοκεῖ,</em></strong></span> 
     </span>
     <span class='ocr_line' id='line_1_8' title="bbox 385 2309 1564 2410; baseline 0.007 -31"><span class='ocrx_word' id='word_1_53' title='bbox 385 2313 539 2404; x_wconf 75' lang='grc' dir='ltr'><strong><em>φαίνεται</em></strong></span> <span class='ocrx_word' id='word_1_54' title='bbox 546 2313 688 2398; x_wconf 56' lang='grc' dir='ltr'><strong>[ἐπειδὴ</strong></span> <span class='ocrx_word' id='word_1_55' title='bbox 706 2321 806 2407; x_wconf 80' lang='grc' dir='ltr'><strong><em>χωρὶς</em></strong></span> <span class='ocrx_word' id='word_1_56' title='bbox 828 2317 956 2382; x_wconf 78' lang='grc' dir='ltr'><strong><em>ἕκαστα</em></strong></span> <span class='ocrx_word' id='word_1_57' title='bbox 974 2309 1127 2409; x_wconf 74' lang='grc' dir='ltr'><strong><em>διῄρηται</em></strong></span> <span class='ocrx_word' id='word_1_58' title='bbox 1149 2311 1191 2382; x_wconf 80' lang='grc' dir='ltr'><strong>τὰ</strong></span> <span class='ocrx_word' id='word_1_59' title='bbox 1214 2316 1272 2397; x_wconf 82' lang='grc' dir='ltr'><strong>τῆς</strong></span> <span class='ocrx_word' id='word_1_60' title='bbox 1293 2318 1406 2410; x_wconf 79' lang='grc' dir='ltr'><strong><em>ψυχῆς</em></strong></span> <span class='ocrx_word' id='word_1_61' title='bbox 1428 2321 1517 2402; x_wconf 70' lang='grc' dir='ltr'><strong><em>εἴδη.</em></strong></span> <span class='ocrx_word' id='word_1_62' title='bbox 1539 2345 1564 2388; x_wconf 79' lang='grc' dir='ltr'><strong>κ.</strong></span> 
     </span>
     <span class='ocr_line' id='line_1_9' title="bbox 384 2417 1563 2511; baseline 0.006 -28"><span class='ocrx_word' id='word_1_63' title='bbox 384 2442 412 2485; x_wconf 87' lang='grc' dir='ltr'><strong>τ.</strong></span> <span class='ocrx_word' id='word_1_64' title='bbox 434 2419 458 2486; x_wconf 81' lang='grc' dir='ltr'><strong>έ.</strong></span> <span class='ocrx_word' id='word_1_65' title='bbox 501 2418 615 2486; x_wconf 85' lang='lat' dir='ltr'><strong>Hicin</strong></span> <span class='ocrx_word' id='word_1_66' title='bbox 636 2417 699 2486; x_wconf 87' lang='lat' dir='ltr'><strong>fine</strong></span> <span class='ocrx_word' id='word_1_67' title='bbox 721 2419 828 2506; x_wconf 84' lang='lat' dir='ltr'><strong>operis</strong></span> <span class='ocrx_word' id='word_1_68' title='bbox 850 2423 912 2485; x_wconf 92' lang='lat' dir='ltr'><strong>iam</strong></span> <span class='ocrx_word' id='word_1_69' title='bbox 934 2417 1041 2486; x_wconf 88' lang='lat' dir='ltr'><strong>omnia</strong></span> <span class='ocrx_word' id='word_1_70' title='bbox 1063 2439 1146 2506; x_wconf 86' lang='lat' dir='ltr'><strong>qnae</strong></span> <span class='ocrx_word' id='word_1_71' title='bbox 1167 2423 1207 2484; x_wconf 89' lang='lat' dir='ltr'><strong>da</strong></span> <span class='ocrx_word' id='word_1_72' title='bbox 1230 2417 1416 2503; x_wconf 83' lang='lat' dir='ltr'><strong>Republica,</strong></span> <span class='ocrx_word' id='word_1_73' title='bbox 1440 2430 1480 2490; x_wconf 84' lang='lat' dir='ltr'><strong>ut</strong></span> <span class='ocrx_word' id='word_1_74' title='bbox 1499 2425 1563 2511; x_wconf 85' lang='lat' dir='ltr'><strong>ipsc</strong></span> 
     </span>
     <span class='ocr_line' id='line_1_10' title="bbox 384 2521 1565 2610; baseline 0.005 -22"><span class='ocrx_word' id='word_1_75' title='bbox 384 2522 437 2603; x_wconf 91' lang='lat' dir='ltr'><strong>ait,</strong></span> <span class='ocrx_word' id='word_1_76' title='bbox 460 2524 543 2591; x_wconf 88' lang='lat' dir='ltr'><strong>dicta</strong></span> <span class='ocrx_word' id='word_1_77' title='bbox 564 2531 654 2590; x_wconf 90' lang='lat' dir='ltr'><strong>erant</strong></span> <span class='ocrx_word' id='word_1_78' title='bbox 675 2522 854 2591; x_wconf 78' lang='lat' dir='ltr'><strong>considerat</strong></span> <span class='ocrx_word' id='word_1_79' title='bbox 874 2525 1029 2602; x_wconf 75' lang='lat' dir='ltr'><strong>Socrates,</strong></span> <span class='ocrx_word' id='word_1_80' title='bbox 1050 2521 1214 2610; x_wconf 81' lang='lat' dir='ltr'>paulisper</span> <span class='ocrx_word' id='word_1_81' title='bbox 1235 2522 1337 2590; x_wconf 87' lang='lat' dir='ltr'><strong>adhuc</strong></span> <span class='ocrx_word' id='word_1_82' title='bbox 1358 2526 1392 2591; x_wconf 93' lang='lat' dir='ltr'><strong>in</strong></span> <span class='ocrx_word' id='word_1_83' title='bbox 1414 2524 1457 2592; x_wconf 87' lang='lat' dir='ltr'><strong>iis</strong></span> <span class='ocrx_word' id='word_1_84' title='bbox 1481 2549 1565 2594; x_wconf 89' lang='lat' dir='ltr'><strong>com-</strong></span> 
     </span>
     <span class='ocr_line' id='line_1_11' title="bbox 384 2626 1564 2714; baseline 0.004 -21"><span class='ocrx_word' id='word_1_85' title='bbox 384 2636 574 2705; x_wconf 86' lang='lat' dir='ltr'><strong>moraturus,</strong></span> <span class='ocrx_word' id='word_1_86' title='bbox 597 2649 678 2714; x_wconf 86' lang='lat' dir='ltr'><strong>quac</strong></span> <span class='ocrx_word' id='word_1_87' title='bbox 700 2626 926 2694; x_wconf 79' lang='lat' dir='ltr'><strong>accuratiorem</strong></span> <span class='ocrx_word' id='word_1_88' title='bbox 949 2626 1190 2710; x_wconf 80' lang='lat' dir='ltr'><strong>explicationem</strong></span> <span class='ocrx_word' id='word_1_89' title='bbox 1205 2628 1256 2693; x_wconf 85' lang='lat' dir='ltr'><strong>vel</strong></span> <span class='ocrx_word' id='word_1_90' title='bbox 1272 2626 1495 2696; x_wconf 76' lang='lat' dir='ltr'><strong>defensionem</strong></span> <span class='ocrx_word' id='word_1_91' title='bbox 1512 2635 1564 2698; x_wconf 88' lang='lat' dir='ltr'><strong>nd·</strong></span> 
     </span>
     <span class='ocr_line' id='line_1_12' title="bbox 383 2731 1563 2820; baseline 0.003 -22"><span class='ocrx_word' id='word_1_92' title='bbox 383 2731 509 2798; x_wconf 84' lang='lat' dir='ltr'><strong>mittere</strong></span> <span class='ocrx_word' id='word_1_93' title='bbox 530 2734 725 2798; x_wconf 82' lang='lat' dir='ltr'><strong>viderentur.</strong></span> <span class='ocrx_word' id='word_1_94' title='bbox 769 2733 807 2798; x_wconf 92' lang='lat' dir='ltr'><strong>In</strong></span> <span class='ocrx_word' id='word_1_95' title='bbox 827 2734 876 2796; x_wconf 91' lang='lat' dir='ltr'><strong>his</strong></span> <span class='ocrx_word' id='word_1_96' title='bbox 898 2751 976 2796; x_wconf 84' lang='lat' dir='ltr'><strong>vero</strong></span> <span class='ocrx_word' id='word_1_97' title='bbox 997 2731 1168 2818; x_wconf 84' lang='lat' dir='ltr'><strong>praecipue</strong></span> <span class='ocrx_word' id='word_1_98' title='bbox 1190 2731 1390 2810; x_wconf 72' lang='lat' dir='ltr'><strong>occurrebat,</strong></span> <span class='ocrx_word' id='word_1_99' title='bbox 1414 2734 1505 2820; x_wconf 86' lang='lat' dir='ltr'><strong>qnod</strong></span> <span class='ocrx_word' id='word_1_100' title='bbox 1526 2735 1563 2802; x_wconf 87' lang='lat' dir='ltr'><strong>de</strong></span> 
     </span>
     <span class='ocr_line' id='line_1_13' title="bbox 382 2821 1561 2920; baseline 0.004 -20"><span class='ocrx_word' id='word_1_101' title='bbox 382 2837 486 2920; x_wconf 72' lang='lat' dir='ltr'><strong>poetis</strong></span> <span class='ocrx_word' id='word_1_102' title='bbox 514 2837 631 2902; x_wconf 86' lang='lat' dir='ltr'><strong>dictum</strong></span> <span class='ocrx_word' id='word_1_103' title='bbox 659 2843 727 2902; x_wconf 89' lang='lat' dir='ltr'><strong>erat</strong></span> <span class='ocrx_word' id='word_1_104' title='bbox 753 2854 809 2901; x_wconf 88' lang='lat' dir='ltr'><strong>eos</strong></span> <span class='ocrx_word' id='word_1_105' title='bbox 837 2839 869 2901; x_wconf 92' lang='lat' dir='ltr'><strong>in</strong></span> <span class='ocrx_word' id='word_1_106' title='bbox 891 2834 1049 2901; x_wconf 81' lang='lat' dir='ltr'><strong>civitatem</strong></span> <span class='ocrx_word' id='word_1_107' title='bbox 1071 2821 1275 2917; x_wconf 87' lang='lat' dir='ltr'><strong>recipiendos</strong></span> <span class='ocrx_word' id='word_1_108' title='bbox 1296 2856 1360 2902; x_wconf 93' lang='lat' dir='ltr'><strong>non</strong></span> <span class='ocrx_word' id='word_1_109' title='bbox 1381 2857 1465 2903; x_wconf 86' lang='lat' dir='ltr'><strong>esso.</strong></span> <span class='ocrx_word' id='word_1_110' title='bbox 1514 2838 1561 2906; x_wconf 87' lang='lat' dir='ltr'><strong>Ci.</strong></span> 
     </span>
     <span class='ocr_line' id='line_1_14' title="bbox 381 2935 1562 3027; baseline 0.001 -20"><span class='ocrx_word' id='word_1_111' title='bbox 381 2938 438 3008; x_wconf 87' lang='lat' dir='ltr'><strong>lib.</strong></span> <span class='ocrx_word' id='word_1_112' title='bbox 461 2941 517 3005; x_wconf 90' lang='grc' dir='ltr'><strong>ΙΙΙ.</strong></span> <span class='ocrx_word' id='word_1_113' title='bbox 541 2960 572 3027; x_wconf 87' lang='lat' dir='ltr'><strong>p.</strong></span> <span class='ocrx_word' id='word_1_114' title='bbox 594 2941 667 3010; x_wconf 84' lang='grc'><strong>398.</strong></span> <span class='ocrx_word' id='word_1_115' title='bbox 689 2961 758 3025; x_wconf 88' lang='lat' dir='ltr'><strong>sqq.</strong></span> <span class='ocrx_word' id='word_1_116' title='bbox 805 2939 915 3005; x_wconf 87' lang='lat' dir='ltr'><strong>Oritur</strong></span> <span class='ocrx_word' id='word_1_117' title='bbox 939 2937 1038 3022; x_wconf 74' lang='lat' dir='ltr'><strong>igitur</strong></span> <span class='ocrx_word' id='word_1_118' title='bbox 1065 2935 1105 3002; x_wconf 93' lang='lat' dir='ltr'><strong>de</strong></span> <span class='ocrx_word' id='word_1_119' title='bbox 1134 2939 1193 3004; x_wconf 89' lang='lat' dir='ltr'><strong>hac</strong></span> <span class='ocrx_word' id='word_1_120' title='bbox 1213 2959 1250 3004; x_wconf 84' lang='lat' dir='ltr'><strong>rc</strong></span> <span class='ocrx_word' id='word_1_121' title='bbox 1271 2959 1354 3004; x_wconf 86' lang='lat' dir='ltr'><strong>nova</strong></span> <span class='ocrx_word' id='word_1_122' title='bbox 1375 2943 1562 3025; x_wconf 81' lang='lat' dir='ltr'><strong>disputatio,</strong></span> 
     </span>
     <span class='ocr_line' id='line_1_15' title="bbox 307 3041 1561 3130; baseline 0.002 -20"><span class='ocrx_word' id='word_1_123' title='bbox 307 3069 313 3086; x_wconf 88' lang='lat'><strong>·</strong></span> <span class='ocrx_word' id='word_1_124' title='bbox 382 3044 471 3110; x_wconf 91' lang='lat' dir='ltr'><strong>cuins</strong></span> <span class='ocrx_word' id='word_1_125' title='bbox 493 3046 553 3109; x_wconf 90' lang='lat' dir='ltr'><strong>hae</strong></span> <span class='ocrx_word' id='word_1_126' title='bbox 573 3050 682 3127; x_wconf 87' lang='lat' dir='ltr'><strong>partes</strong></span> <span class='ocrx_word' id='word_1_127' title='bbox 704 3049 786 3108; x_wconf 85' lang='lat' dir='ltr'><strong>sunt.</strong></span> <span class='ocrx_word' id='word_1_128' title='bbox 831 3044 971 3108; x_wconf 83' lang='lat' dir='ltr'><strong>Primum</strong></span> <span class='ocrx_word' id='word_1_129' title='bbox 993 3041 1127 3107; x_wconf 87' lang='lat' dir='ltr'><strong>docetur</strong></span> <span class='ocrx_word' id='word_1_130' title='bbox 1148 3057 1218 3108; x_wconf 84' lang='lat' dir='ltr'><strong>asse</strong></span> <span class='ocrx_word' id='word_1_131' title='bbox 1239 3041 1299 3108; x_wconf 90' lang='lat' dir='ltr'><strong>tria</strong></span> <span class='ocrx_word' id='word_1_132' title='bbox 1313 3061 1422 3110; x_wconf 87' lang='lat' dir='ltr'><strong>rerum</strong></span> <span class='ocrx_word' id='word_1_133' title='bbox 1437 3062 1561 3130; x_wconf 76' lang='lat' dir='ltr'><strong>genera</strong></span> 
     </span>
     <span class='ocr_line' id='line_1_16' title="bbox 383 3143 1562 3236; baseline 0.002 -21"><span class='ocrx_word' id='word_1_134' title='bbox 383 3149 412 3236; x_wconf 87' lang='lat'><strong>1)</strong></span> <span class='ocrx_word' id='word_1_135' title='bbox 435 3150 541 3228; x_wconf 87' lang='lat' dir='ltr'><strong>ideas;</strong></span> <span class='ocrx_word' id='word_1_136' title='bbox 568 3144 599 3233; x_wconf 74' lang='lat'><strong>2)</strong></span> <span class='ocrx_word' id='word_1_137' title='bbox 621 3167 674 3212; x_wconf 86' lang='lat' dir='ltr'><strong>res</strong></span> <span class='ocrx_word' id='word_1_138' title='bbox 695 3145 794 3213; x_wconf 83' lang='lat' dir='ltr'><strong>oculis</strong></span> <span class='ocrx_word' id='word_1_139' title='bbox 815 3153 848 3211; x_wconf 88' lang='lat' dir='ltr'><strong>et</strong></span> <span class='ocrx_word' id='word_1_140' title='bbox 868 3143 1013 3212; x_wconf 82' lang='lat' dir='ltr'><strong>sensibus</strong></span> <span class='ocrx_word' id='word_1_141' title='bbox 1033 3143 1207 3225; x_wconf 64' lang='lat' dir='ltr'><strong>subiectam</strong></span> <span class='ocrx_word' id='word_1_142' title='bbox 1238 3145 1268 3230; x_wconf 81' lang='lat'><strong>3)</strong></span> <span class='ocrx_word' id='word_1_143' title='bbox 1290 3145 1471 3214; x_wconf 83' lang='lat' dir='ltr'><strong>simulacra.</strong></span> <span class='ocrx_word' id='word_1_144' title='bbox 1517 3154 1562 3217; x_wconf 82' lang='lat' dir='ltr'><strong>Ea</strong></span> 
     </span>
     <span class='ocr_line' id='line_1_17' title="bbox 382 3247 1559 3320; baseline 0.001 -1"><span class='ocrx_word' id='word_1_145' title='bbox 382 3256 494 3319; x_wconf 89' lang='lat' dir='ltr'><strong>eodem</strong></span> <span class='ocrx_word' id='word_1_146' title='bbox 520 3250 582 3318; x_wconf 86' lang='lat' dir='ltr'><strong>hoc</strong></span> <span class='ocrx_word' id='word_1_147' title='bbox 603 3250 715 3319; x_wconf 86' lang='lat' dir='ltr'><strong>ordina</strong></span> <span class='ocrx_word' id='word_1_148' title='bbox 737 3253 778 3316; x_wconf 85' lang='lat' dir='ltr'><strong>ad</strong></span> <span class='ocrx_word' id='word_1_149' title='bbox 799 3248 964 3316; x_wconf 84' lang='lat' dir='ltr'><strong>veritatem</strong></span> <span class='ocrx_word' id='word_1_150' title='bbox 991 3247 1142 3316; x_wconf 85' lang='lat' dir='ltr'><strong>accedere</strong></span> <span class='ocrx_word' id='word_1_151' title='bbox 1170 3255 1223 3315; x_wconf 89' lang='lat' dir='ltr'><strong>ant</strong></span> <span class='ocrx_word' id='word_1_152' title='bbox 1252 3251 1291 3316; x_wconf 85' lang='lat' dir='ltr'><strong>ab</strong></span> <span class='ocrx_word' id='word_1_153' title='bbox 1322 3270 1361 3315; x_wconf 87' lang='lat' dir='ltr'><strong>aa</strong></span> <span class='ocrx_word' id='word_1_154' title='bbox 1390 3255 1559 3320; x_wconf 86' lang='lat' dir='ltr'><strong>recedere.</strong></span> 
     </span>
     <span class='ocr_line' id='line_1_18' title="bbox 382 3351 1561 3442; baseline 0.001 -20"><span class='ocrx_word' id='word_1_155' title='bbox 382 3358 496 3436; x_wconf 82' lang='lat' dir='ltr'><strong>Quum·</strong></span> <span class='ocrx_word' id='word_1_156' title='bbox 508 3362 621 3442; x_wconf 68' lang='lat' dir='ltr'><strong>poetae</strong></span> <span class='ocrx_word' id='word_1_157' title='bbox 641 3353 675 3420; x_wconf 93' lang='lat' dir='ltr'><strong>in</strong></span> <span class='ocrx_word' id='word_1_158' title='bbox 694 3352 869 3421; x_wconf 78' lang='lat' dir='ltr'><strong>imitatione</strong></span> <span class='ocrx_word' id='word_1_159' title='bbox 889 3356 920 3423; x_wconf 88' lang='lat' dir='ltr'><strong>h.</strong></span> <span class='ocrx_word' id='word_1_160' title='bbox 942 3373 970 3419; x_wconf 91' lang='lat' dir='ltr'><strong>e.</strong></span> <span class='ocrx_word' id='word_1_161' title='bbox 993 3351 1076 3418; x_wconf 90' lang='lat' dir='ltr'><strong>circa</strong></span> <span class='ocrx_word' id='word_1_162' title='bbox 1099 3351 1266 3418; x_wconf 87' lang='lat' dir='ltr'><strong>simulacra</strong></span> <span class='ocrx_word' id='word_1_163' title='bbox 1279 3361 1459 3433; x_wconf 81' lang='lat' dir='ltr'><strong>versentur,</strong></span> <span class='ocrx_word' id='word_1_164' title='bbox 1482 3356 1561 3423; x_wconf 86' lang='lat' dir='ltr'><strong>nihii</strong></span> 
     </span>
     <span class='ocr_line' id='line_1_19' title="bbox 380 3443 1561 3544; baseline -0.002 -16"><span class='ocrx_word' id='word_1_165' title='bbox 380 3462 448 3528; x_wconf 84' lang='lat' dir='ltr'><strong>veri</strong></span> <span class='ocrx_word' id='word_1_166' title='bbox 470 3459 573 3526; x_wconf 84' lang='lat' dir='ltr'><strong>inesse</strong></span> <span class='ocrx_word' id='word_1_167' title='bbox 595 3479 706 3525; x_wconf 84' lang='lat' dir='ltr'><strong>aarum</strong></span> <span class='ocrx_word' id='word_1_168' title='bbox 728 3443 880 3543; x_wconf 69' lang='lat' dir='ltr'><strong>oparib&#39;m</strong></span> <span class='ocrx_word' id='word_1_169' title='bbox 899 3477 931 3544; x_wconf 90' lang='lat' dir='ltr'><strong>p.</strong></span> <span class='ocrx_word' id='word_1_170' title='bbox 954 3459 1124 3543; x_wconf 70' lang='lat' dir='ltr'><strong>aea-p.</strong></span> <span class='ocrx_word' id='word_1_171' title='bbox 1148 3457 1219 3523; x_wconf 76' lang='lat'><strong>598.</strong></span> <span class='ocrx_word' id='word_1_172' title='bbox 1242 3459 1282 3525; x_wconf 87' lang='lat' dir='ltr'><strong>D.</strong></span> <span class='ocrx_word' id='word_1_173' title='bbox 1320 3459 1357 3523; x_wconf 90' lang='lat' dir='ltr'><strong>ld</strong></span> <span class='ocrx_word' id='word_1_174' title='bbox 1372 3455 1469 3524; x_wconf 81' lang='lat' dir='ltr'><strong>etiam</strong></span> <span class='ocrx_word' id='word_1_175' title='bbox 1483 3461 1561 3526; x_wconf 86' lang='lat' dir='ltr'><strong>inde</strong></span> 
     </span>
     <span class='ocr_line' id='line_1_20' title="bbox 381 3557 1562 3653; baseline 0 -23"><span class='ocrx_word' id='word_1_176' title='bbox 381 3563 525 3653; x_wconf 85' lang='lat' dir='ltr'><strong>probari,</strong></span> <span class='ocrx_word' id='word_1_177' title='bbox 543 3567 640 3649; x_wconf 78' lang='lat' dir='ltr'><strong>&#39;qnod</strong></span> <span class='ocrx_word' id='word_1_178' title='bbox 665 3570 779 3648; x_wconf 68' lang='lat' dir='ltr'><strong>poetae</strong></span> <span class='ocrx_word' id='word_1_179' title='bbox 800 3581 960 3650; x_wconf 87' lang='lat' dir='ltr'><strong>nonquam</strong></span> <span class='ocrx_word' id='word_1_180' title='bbox 981 3559 1044 3644; x_wconf 91' lang='lat' dir='ltr'><strong>ipsi</strong></span> <span class='ocrx_word' id='word_1_181' title='bbox 1065 3559 1229 3626; x_wconf 80' lang='lat' dir='ltr'><strong>effecerint</strong></span> <span class='ocrx_word' id='word_1_182' title='bbox 1250 3580 1289 3626; x_wconf 88' lang='lat' dir='ltr'><strong>ea</strong></span> <span class='ocrx_word' id='word_1_183' title='bbox 1310 3557 1350 3626; x_wconf 88' lang='lat' dir='ltr'><strong>da</strong></span> <span class='ocrx_word' id='word_1_184' title='bbox 1372 3560 1489 3648; x_wconf 81' lang='lat' dir='ltr'><strong>quibus</strong></span> <span class='ocrx_word' id='word_1_185' title='bbox 1513 3563 1562 3630; x_wconf 89' lang='grc' dir='ltr'><strong>Ιο-</strong></span> 
     </span>
     <span class='ocr_line' id='line_1_21' title="bbox 381 3661 1559 3756; baseline -0.005 -20"><span class='ocrx_word' id='word_1_186' title='bbox 381 3679 526 3756; x_wconf 86' lang='lat' dir='ltr'><strong>qnantur,</strong></span> <span class='ocrx_word' id='word_1_187' title='bbox 548 3689 645 3755; x_wconf 88' lang='lat' dir='ltr'><strong>quum</strong></span> <span class='ocrx_word' id='word_1_188' title='bbox 666 3674 771 3732; x_wconf 85' lang='lat' dir='ltr'><strong>tamen</strong></span> <span class='ocrx_word' id='word_1_189' title='bbox 792 3672 1036 3732; x_wconf 84' lang='lat' dir='ltr'><strong>consentaneum</strong></span> <span class='ocrx_word' id='word_1_190' title='bbox 1056 3668 1097 3729; x_wconf 87' lang='lat' dir='ltr'><strong>sit</strong></span> <span class='ocrx_word' id='word_1_191' title='bbox 1117 3662 1211 3730; x_wconf 84' lang='lat' dir='ltr'><strong>melia</strong></span> <span class='ocrx_word' id='word_1_192' title='bbox 1233 3661 1381 3749; x_wconf 87' lang='lat' dir='ltr'><strong>aliquem,</strong></span> <span class='ocrx_word' id='word_1_193' title='bbox 1406 3663 1432 3729; x_wconf 93' lang='lat' dir='ltr'><strong>si</strong></span> <span class='ocrx_word' id='word_1_194' title='bbox 1445 3669 1559 3749; x_wconf 79' lang='lat' dir='ltr'><strong>possit,</strong></span> 
     </span>
     <span class='ocr_line' id='line_1_22' title="bbox 381 3766 1560 3864; baseline 0 -27"><span class='ocrx_word' id='word_1_195' title='bbox 381 3791 511 3864; x_wconf 82' lang='lat' dir='ltr'><strong>operum</strong></span> <span class='ocrx_word' id='word_1_196' title='bbox 534 3771 686 3838; x_wconf 83' lang='lat' dir='ltr'><strong>artificem</strong></span> <span class='ocrx_word' id='word_1_197' title='bbox 709 3791 894 3855; x_wconf 82' lang='lat' dir='ltr'><strong>essequam</strong></span> <span class='ocrx_word' id='word_1_198' title='bbox 922 3766 1184 3854; x_wconf 83' lang='lat' dir='ltr'><strong>praedicatorem.</strong></span> <span class='ocrx_word' id='word_1_199' title='bbox 1228 3769 1307 3834; x_wconf 87' lang='lat' dir='ltr'><strong>Esse</strong></span> <span class='ocrx_word' id='word_1_200' title='bbox 1335 3775 1442 3834; x_wconf 87' lang='lat' dir='ltr'><strong>autem</strong></span> <span class='ocrx_word' id='word_1_201' title='bbox 1471 3769 1560 3837; x_wconf 83' lang='lat' dir='ltr'><strong>circa</strong></span> 
     </span>
     <span class='ocr_line' id='line_1_23' title="bbox 379 3865 1558 3964; baseline 0 -24"><span class='ocrx_word' id='word_1_202' title='bbox 379 3896 633 3964; x_wconf 87' lang='lat' dir='ltr'><strong>unamquamque</strong></span> <span class='ocrx_word' id='word_1_203' title='bbox 653 3894 721 3942; x_wconf 89' lang='lat' dir='ltr'><strong>rem</strong></span> <span class='ocrx_word' id='word_1_204' title='bbox 743 3883 807 3942; x_wconf 84' lang='lat' dir='ltr'><strong>tres</strong></span> <span class='ocrx_word' id='word_1_205' title='bbox 828 3883 928 3951; x_wconf 87' lang='lat' dir='ltr'><strong>artes,</strong></span> <span class='ocrx_word' id='word_1_206' title='bbox 954 3874 1175 3963; x_wconf 83' lang='grc' dir='ltr'><strong><em>χρησομένην,</em></strong></span> <span class='ocrx_word' id='word_1_207' title='bbox 1203 3865 1427 3952; x_wconf 80' lang='grc' dir='ltr'><strong><em>ποιήσουσαν,</em></strong></span> <span class='ocrx_word' id='word_1_208' title='bbox 1452 3900 1558 3960; x_wconf 84' lang='grc' dir='ltr'>μιμη-</span> 
     </span>
     <span class='ocr_line' id='line_1_24' title="bbox 381 3972 1559 4064; baseline -0.001 -18"><span class='ocrx_word' id='word_1_209' title='bbox 381 3975 483 4060; x_wconf 83' lang='grc' dir='ltr'><strong><em>τικὴν,</em></strong></span> <span class='ocrx_word' id='word_1_210' title='bbox 504 3979 638 4064; x_wconf 85' lang='lat' dir='ltr'><strong>primam</strong></span> <span class='ocrx_word' id='word_1_211' title='bbox 658 3983 778 4046; x_wconf 84' lang='lat' dir='ltr'><strong>habero</strong></span> <span class='ocrx_word' id='word_1_212' title='bbox 800 3976 979 4053; x_wconf 83' lang='lat' dir='ltr'><strong>scientiam,</strong></span> <span class='ocrx_word' id='word_1_213' title='bbox 1001 3976 1131 4042; x_wconf 85' lang='lat' dir='ltr'><strong>alteram</strong></span> <span class='ocrx_word' id='word_1_214' title='bbox 1154 3972 1337 4060; x_wconf 90' lang='lat' dir='ltr'><strong>opinionem</strong></span> <span class='ocrx_word' id='word_1_215' title='bbox 1360 3995 1486 4054; x_wconf 77' lang='lat' dir='ltr'><strong>remur,</strong></span> <span class='ocrx_word' id='word_1_216' title='bbox 1511 3977 1559 4046; x_wconf 84' lang='lat' dir='ltr'><strong>ita</strong></span> 
     </span>
     <span class='ocr_line' id='line_1_25' title="bbox 379 4077 1558 4169; baseline -0.003 -18"><span class='ocrx_word' id='word_1_217' title='bbox 379 4090 415 4151; x_wconf 90' lang='lat' dir='ltr'><strong>ut</strong></span> <span class='ocrx_word' id='word_1_218' title='bbox 435 4081 496 4150; x_wconf 83' lang='lat' dir='ltr'><strong>hoc</strong></span> <span class='ocrx_word' id='word_1_219' title='bbox 517 4085 610 4150; x_wconf 89' lang='lat' dir='ltr'><strong>etiam</strong></span> <span class='ocrx_word' id='word_1_220' title='bbox 631 4086 728 4151; x_wconf 88' lang='lat' dir='ltr'><strong>modo</strong></span> <span class='ocrx_word' id='word_1_221' title='bbox 748 4084 842 4149; x_wconf 84' lang='lat' dir='ltr'><strong>tortio</strong></span> <span class='ocrx_word' id='word_1_222' title='bbox 864 4084 965 4168; x_wconf 79' lang='lat' dir='ltr'><strong>gradu</strong></span> <span class='ocrx_word' id='word_1_223' title='bbox 985 4101 1005 4146; x_wconf 87' lang='lat' dir='ltr'><strong>a</strong></span> <span class='ocrx_word' id='word_1_224' title='bbox 1025 4099 1104 4146; x_wconf 84' lang='lat' dir='ltr'><strong>vero</strong></span> <span class='ocrx_word' id='word_1_225' title='bbox 1125 4079 1242 4144; x_wconf 90' lang='lat' dir='ltr'><strong>distare</strong></span> <span class='ocrx_word' id='word_1_226' title='bbox 1263 4077 1473 4146; x_wconf 87' lang='lat' dir='ltr'><strong>imitationem</strong></span> <span class='ocrx_word' id='word_1_227' title='bbox 1497 4101 1558 4169; x_wconf 87' lang='lat' dir='ltr'><strong>ap-</strong></span> 
     </span>
     <span class='ocr_line' id='line_1_26' title="bbox 382 4181 1557 4277; baseline -0.004 -21"><span class='ocrx_word' id='word_1_228' title='bbox 382 4194 502 4277; x_wconf 88' lang='lat' dir='ltr'><strong>pareat.</strong></span> <span class='ocrx_word' id='word_1_229' title='bbox 523 4207 558 4273; x_wconf 90' lang='lat' dir='ltr'><strong>p.</strong></span> <span class='ocrx_word' id='word_1_230' title='bbox 582 4189 645 4253; x_wconf 79' lang='lat'><strong>598</strong></span> <span class='ocrx_word' id='word_1_231' title='bbox 665 4191 700 4257; x_wconf 83' lang='lat' dir='ltr'><strong>E.</strong></span> <span class='ocrx_word' id='word_1_232' title='bbox 720 4221 763 4238; x_wconf 92' lang='lat'>-</span> <span class='ocrx_word' id='word_1_233' title='bbox 783 4189 846 4251; x_wconf 76' lang='lat'><strong>602</strong></span> <span class='ocrx_word' id='word_1_234' title='bbox 865 4188 902 4256; x_wconf 91' lang='lat' dir='ltr'><strong>B.</strong></span> <span class='ocrx_word' id='word_1_235' title='bbox 944 4181 992 4254; x_wconf 81' lang='lat' dir='ltr'><strong>Ab</strong></span> <span class='ocrx_word' id='word_1_236' title='bbox 1020 4181 1082 4250; x_wconf 87' lang='lat' dir='ltr'><strong>hoc</strong></span> <span class='ocrx_word' id='word_1_237' title='bbox 1108 4183 1183 4248; x_wconf 87' lang='lat' dir='ltr'><strong>iuda</strong></span> <span class='ocrx_word' id='word_1_238' title='bbox 1203 4181 1275 4250; x_wconf 90' lang='lat' dir='ltr'><strong>loco</strong></span> <span class='ocrx_word' id='word_1_239' title='bbox 1297 4187 1389 4250; x_wconf 86' lang='lat' dir='ltr'><strong>docet</strong></span> <span class='ocrx_word' id='word_1_240' title='bbox 1410 4185 1557 4270; x_wconf 88' lang='lat' dir='ltr'><strong>philoso-</strong></span> 
     </span>
    </p>
   </div>
   <div class='ocr_carea' id='block_1_4' title="bbox 380 4283 1556 4382">
    <p class='ocr_par' dir='ltr' id='par_1_4' title="bbox 380 4283 1556 4382">
     <span class='ocr_line' id='line_1_27' title="bbox 380 4283 1556 4382; baseline -0.002 -22"><span class='ocrx_word' id='word_1_241' title='bbox 380 4297 478 4382; x_wconf 83' lang='lat' dir='ltr'><strong>phos,</strong></span> <span class='ocrx_word' id='word_1_242' title='bbox 511 4289 598 4381; x_wconf 87' lang='lat' dir='ltr'><strong>qnod</strong></span> <span class='ocrx_word' id='word_1_243' title='bbox 621 4286 780 4382; x_wconf 69' lang='grc' dir='ltr'><strong><em>μιμητικοὶ</em></strong></span> <span class='ocrx_word' id='word_1_244' title='bbox 800 4299 914 4358; x_wconf 87' lang='lat' dir='ltr'><strong>munus</strong></span> <span class='ocrx_word' id='word_1_245' title='bbox 934 4307 1027 4359; x_wconf 84' lang='lat' dir='ltr'><strong>suum</strong></span> <span class='ocrx_word' id='word_1_246' title='bbox 1047 4283 1191 4376; x_wconf 84' lang='lat' dir='ltr'><strong>perficiat</strong></span> <span class='ocrx_word' id='word_1_247' title='bbox 1209 4287 1243 4356; x_wconf 87' lang='lat' dir='ltr'><strong>in</strong></span> <span class='ocrx_word' id='word_1_248' title='bbox 1266 4309 1305 4357; x_wconf 85' lang='lat' dir='ltr'><strong>ea</strong></span> <span class='ocrx_word' id='word_1_249' title='bbox 1324 4289 1420 4356; x_wconf 87' lang='lat' dir='ltr'><strong>animi</strong></span> <span class='ocrx_word' id='word_1_250' title='bbox 1441 4297 1556 4377; x_wconf 86' lang='lat' dir='ltr'><strong>parte,</strong></span> 
     </span>
    </p>
   </div>
   <div class='ocr_carea' id='block_1_5' title="bbox 0 0 1652 5232">
    <p class='ocr_par' dir='ltr' id='par_1_5' title="bbox 0 0 1652 5232">
     <span class='ocr_line' id='line_1_28' title="bbox 0 0 1652 5232; baseline 0 3"><span class='ocrx_word' id='word_1_251' title='bbox 0 0 1652 5232; x_wconf 95' lang='lat' dir='ltr'><strong> </strong></span> 
     </span>
    </p>
   </div>
  </div>
 </body>
</html>
