3312 5238
566 391 798 463 -1ttv-

93 551 246 624 inrtitmt'
279 550 362 620 Dicit
381 550 481 636 igitur
503 547 548 618 ιε’
564 551 715 624 iustitiam
742 550 984 634 λιιίνιιίιίωαηαι
1010 549 1092 618 velie
1121 567 1276 635 quaerere

93 660 127 722 in
147 657 274 722 civitate
288 665 350 732 ct,
380 656 473 742 piane
495 657 663 723 immemor
684 673 901 740 eorumquae
922 654 1019 738 paulo
1041 661 1113 724 aute
1135 675 1278 738 pronun·

93 763 253 836 ciaverat,
285 760 343 826 νῦν
363 766 423 845 μὲν
445 745 521 837 οὖν,
543 752 587 836 ὡς
608 751 777 842 οἰόμεθα,
809 754 869 838 τὴν
890 753 1069 843 ιύὸαίμονα
1091 752 1279 843 πλάττομεν

93 863 156 932 ονίι
179 857 406 952 ἀπολαβόντες
426 857 559 948 ὀλίγους
579 861 613 934 ,ἐν
626 854 710 952 αὐτῇ
729 854 1008 940 τοιούτους-τινὰς
1022 863 1183 941 τιθέντες,
1206 856 1276 930 ἀλλ’

93 958 187 1050 ὅλην·
212 961 362 1034 αὐτίκα
385 968 424 1032 δὲ
447 961 519 1046 τὴν
541 961 739 1030 ἐναντίαν
761 958 1023 1056 σκεψόμεθα.
1067 967 1192 1043 Quium
1206 985 1280 1032 ver-

92 1073 142 1140 bis
166 1089 266 1155 quum
287 1071 424 1156 partium
446 1066 553 1154 operis
575 1068 733 1132 rationem
747 1065 960 1154 philosophus,
977 1069 1179 1146 indicaverit,
1202 1088 1280 1144 con,-

91 1174 192 1240 iicere
219 1171 310 1238 facile
338 1173 477 1258 peteris,
519 1189 584 1255 quo
612 1173 691 1237 haec
721 1172 761 1234 de
788 1169 908 1234 iustitia
941 1178 973 1236 et
1008 1170 1164 1239 iniustitia
1192 1171 1278 1238 dicta

91 1277 266 1363 praecipue
294 1277 490 1364 pertineant,
546 1275 631 1351 Quin
662 1272 765 1338 hoc
755 1293 825 1360 ipso
856 1273 930 1340 leco
965 1273 1054 1342 Platc
1085 1273 1279 1360 significasse

91 1381 230 1455 videtur,
254 1401 295 1447 ex
309 1377 447 1446 iustitiae
469 1376 610 1453 notione,
630 1387 758 1442 emnem
779 1375 863 1442 hunc
879 1375 1018 1444 civitatis
1035 1380 1181 1446 ordinem
1195 1378 1281 1446 deri-

91 1491 299 1550 vatumesse
335 1472 483 1568 Ocpcc‘
465 1484 544 1567 ημῖν
573 1475 633 1561 τὴν
653 1472 767 1561 πόλιν,
796 1480 883 1568 εἴπερ
914 1479 1030 1570 ὀρθῶς
1056 1506 1093 1566 γε
1121 1478 1279 1573 ᾤκισται,

92 1590 211 1664 τελέως
232 1575 426 1670 ἀγαθὴν
394 1609 487 1652 acuat.
532 1585 602 1662 Qua
637 1589 741 1658 autem
768 1585 889 1650 aliare
915 1585 1024 1651 civitas
1050 1579 1167 1675 ὀρθῶς
1199 1581 1277 1678 piat-

91 1692 196 1777 σμίνη
219 1696 252 1755 et
273 1684 388 1766 τέλεως
409 1682 531 1773 ἀγαθὴ
555 1688 629 1760 erit,
652 1684 713 1750 nisi
727 1706 778 1762 eo,
808 1689 894 1771 quod
916 1687 1098 1764 exiustitia‚
1122 1691 1281 1773 cumipse

91 1801 181 1870 tota,
213 1800 281 1860 tum
302 1791 426 1877 singula
450 1792 519 1856 eius
544 1788 687 1856 instituta
712 1793 848 1873 repetita
868 1795 962 1854 cunti
1000 1794 1133 1860 Fatetur.
1153 1793 1187 1857 id
1208 1794 1280 1876 ipse

91 1900 242 1963 Socrates
263 1897 314 1962 hic
334 1893 460 1962 verbis:
501 1892 610 1976 Δῆλον
634 1889 693 1972 δὴ,
726 1883 778 1960 ὅτι
800 1887 891 1984 σοφή
920 1887 946 1958 τ’
975 1893 1043 1960 ἐστὶ
1066 1898 1122 1960 καὶ
1143 1888 1279 1982 ἀνδρεία

90 2006 150 2070 καὶ
184 1994 327 2091 σώφρων
359 2001 418 2065 καί
445 1996 569 2066 δικαία.
620 1996 738 2078 Δῆλον.
790 1999 870 2062 Νειιι
891 1999 975 2062 unde
1002 1995 1148 2084 sapiens,
1171 1998 1276 2078 fortis,

90 2113 297 2190 temperans,
326 2105 430 2168 instat
480 2099 654 2168 verissime
686 2101 782 2166 etiam
815 2098 1138 2178 Schieiermachems,
1156 2104 1281 2170 monuit

90 2210 214 2274 introd.
235 2227 266 2294 p.
288 2209 362 2272 ac.:
390 2206 531 2273 «Mirum
558 2206 764 2290 esse‚1qu0d
789 2210 927 2287 quatuor
951 2205 1084 2270 virtutes
1106 2205 1280 2274 cardinales

90 2331 225 2380 omnem
247 2309 385 2386 iustitiae
410 2307 573 2374 notionem
595 2314 689 2392 atque
710 2308 864 2384 ambitum
890 2307 1050 2393 complere
1069 2309 1279 2395 philosophus

90 2415 189 2492 dicut,
220 2413 344 2488 etiamsi
367 2412 400 2478 id
423 2432 529 2497 neque
551 2415 612 2478 hcc
632 2412 704 2496 ipse
725 2397 812 2486 loco,
842 2431 945 2496 neque
968 2413 1002 2489 in
1021 2410 1087 2478 ullo
1112 2411 1175 2478 aiio
1196 2411 1278 2478 libro

91 2519 296 2586 antecedite
318 2514 489 2600 probatum
513 2514 563 2580 sit.
608 2515 704 2592 Quod
729 2513 756 2580 ei
775 2516 946 2596 probatum
970 2533 1035 2580 non
1060 2513 1124 2592 rita
1151 2535 1277 2592 omnem

91 2644 193 2711 quam
218 2623 273 2686 hic
297 2619 385 2686 Plato
410 2619 553 2686 instituat
576 2619 713 2700 iustitiae
740 2617 939 2703 quaerendae
961 2619 1118 2684 rationem
1143 2625 1279 2696 temera·

91 2730 178 2794 riam
203 2724 378 2809 falsamque
398 2723 511 2810 uideri.
555 2726 634 2788 Nam
659 2731 726 2788 tum
755 2724 892 2798 demum,
919 2722 945 2786 si
971 2723 1033 2788 hac
1056 2729 1194 2807 quatuor
1213 2723 1278 2788 vir·

92 2840 180 2896 tutes
204 2847 332 2894 omnem
352 2829 477 2892 virtutis
498 2825 651 2894 ambitum
672 2823 831 2912 expleant,
862 2823 925 2890 dici
938 2833 1025 2890 recte
1039 2845 1147 2912 posse,
1174 2824 1277 2903 tribua

92 2937 167 3003 aliie
181 2933 319 3000 inventis
333 2928 485 2997 iustitiam
500 2951 570 2996 esse
584 2928 756 3013 reliquam,
782 2937 814 2992 et
826 2926 928 3014 ipsam
943 2947 1072 3015 quoque
1086 2930 1275 3000 inventam.»

91 3043 226 3106 Frustra
255 3034 352 3118 igitur
382 3033 442 3098 hcc
472 3035 583 3098 vitium
609 3053 761 3108 excusare
790 3040 926 3116 conatur
949 3031 1276 3110 Schleiermacheruc‚

92 3143 184 3229 quod
209 3147 329 3207 tantum
357 3146 421 3218 est,
455 3146 491 3202 ut
519 3135 666 3202 excusari
686 3135 774 3202 nullo
798 3134 893 3201 medo
917 3137 1035 3222 possit,
1073 3138 1100 3200 ei
1128 3135 1278 3202 iustitiam

93 3245 187 3312 Plato
207 3245 241 3308 in
265 3244 314 3308 his
338 3242 508 3328 praecipue
529 3247 709 3325 quaereret.
757 3242 820 3304 Sed
840 3238 1097 3329 atiamemninc
1113 3258 1184 3305 rem
1207 3237 1279 3316 fieri

96 3350 200 3422 vides,
228 3347 255 3412 si
280 3348 320 3410 ad
344 3345 506 3412 civitatem
524 3346 576 3410 hic
596 3331 701 3410 sermo
723 3343 894 3429 praecipue
915 3349 1045 3429 spectat,
1071 3348 1103 3406 et
1126 3343 1154 3406 si
1177 3343 1279 3410 serius

95 3450 292 3536 argumentis
318 3469 355 3514 ea
376 3446 537 3535 probasse*
552 3449 716 3515 Platonem
738 3448 895 3522 videmus,
922 3466 1002 3533 quae
1021 3445 1172 3512 hocloco
1194 3443 1279 3513 desi·

95 3559 258 3622 derantur.
301 3553 364 3618 Sed
388 3571 558 3638 pergamus
585 3553 625 3616 ad
649 3549 790 3674 reiiqpa.
830 3552 910 3614 Nam
934 3552 1123 3616 verborum:
1137 3539 1278 3672 Ὥσπερ

38 3643 42 3650 ’
95 3658 209 3724 τοίνυν
237 3651 348 3722 ἄλλων
377 3677 472 3722 τινων
504 3648 683 3778 τιττοίρων,
716 3647 747 3720 εἰ
773 3653 806 3720 ἕν
838 3678 871 3720 τι
903 3653 1075 3738 ἐζητοῦμεν
1106 3647 1214 3718 αντῶν
1246 3651 1281 3720 ἐν

96 3755 236 3852 ὁτῳονν,
259 3751 357 3824 ὁιιότε
378 3757 508 3846 πρῶτον
530 3757 630 3822 ἐκεῖνο
653 3754 801 3842 ἔγνωμεν,
823 3757 941 3834 ἱκανῶς
964 3751 1005 3822 ἂν
1027 3745 1108 3843 εἶχεν
1129 3749 1227 3843 ἡμῖν,
1250 3751 1281 3821 εἰ

96 3866 132 3930 δε
163 3885 207 3927 τα
236 3860 311 3951 τρία
336 3854 497 3951 πρότερον
527 3851 761 3978 ἐγνωρίσαμεν,
793 3853 884 3925 οὕτω
913 3854 954 3926 ἂν
967 3852 1081 3956 τοίτω
1104 3852 1279 3977 ἐγνώριστο

97 3963 136 4033 τὸ
159 3958 365 4048 ζητούμενον
389 3963 489 4044 δῆλον
510 3959 592 4053 γὰρ,
616 3953 668 4030 ὅτι
690 3957 750 4029 οὐκ
772 3958 897 4028 ἄλλο”
879 3986 927 4028 ccc
948 3947 1006 4042 ἦν,
1034 3957 1055 4043 ἢ
1086 3958 1124 4028 τὸ
1151 3955 1281 4028 ὑπολει-

96 4071 204 4163 φθέν.
244 4061 442 4157 04)θῶςῇ
423 4091 506 4185 epp,
528 4069 640 4152 λέγεις.
687 4045 813 4132 Οὐκονν
835 4069 890 4132 καί
911 4069 985 4152 περὶ
1007 4087 1132 4132 τουτων
1140 4115 1148 4146 ,
1171 4060 1280 4144 ἐπειδὴ

95 4177 242 4254 τέτταρα
258 4166 339 4236 ὄντα
355 4164 515 4255 τυγχάνει,
537 4163 693 4246 ὡσαύτως
713 4169 883 4250 ζητητέονς
908 4169 1002 4250 Δῆλα
1021 4162 1072 4250 δή.
1096 4169 1280 4236 sententiam

100 4295 218 4361 parum
247 4278 332 4340 recte
362 4274 444 4358 cepit
470 4271 693 4344 Stailbaumius
718 4269 763 4338 ita
787 4274 958 4340 scribens:-
982 4266 1165 4357 οωσαιίτως
1186 4271 1281 4359 ζητη-
