3298 5232
861 408 900 420 -·
946 377 1006 442 ddi
1049 413 1091 425 ·-

384 533 425 602 cf.
446 555 480 624 ρ.
502 537 576 612 469,
597 537 636 600 Β.
661 536 705 600 St.
743 533 784 602 Τί
804 537 857 620 δίς
878 530 961 622 πρὸς
983 531 1060 614 τοὺς
1080 533 1256 623 πολεμίους
1275 534 1345 614 πῶς
1364 529 1557 618 ποιήσουσιν

384 634 462 728 ἡμῖν
484 643 516 706 οἱ
537 639 756 726 στρατιῶταις
784 635 831 705 Τό
852 644 950 708 ποῖον
970 633 1029 722 δής
1042 665 1080 708 κ.
1101 667 1130 709 τ.
1153 641 1186 720 ἐ.,
1210 659 1278 726 ap.
1294 639 1497 706 ass-m.
1514 644 1556 707 Si.

385 746 486 822 Quam
516 751 552 808 ut
575 742 683 828 legere
711 743 790 810 velis
810 763 969 828 rogamus
1013 747 1092 810 Nam
1114 743 1213 828 magis
1235 745 1329 808 etiam
1352 746 1559 830 perspicietur

383 868 460 914 vere
480 867 539 914 nos
562 867 658 934 supra
679 849 839 914 monuisse
861 850 894 914 in
917 849 1087 916 educandis
1109 846 1293 918 custodibus
1306 847 1471 914 Platonem
1487 851 1559 916 civi-

382 957 479 1018 tatem
501 959 621 1042 tantum
642 953 833 1037 respexisse.

820 1270 1006 1338 suono
1036 1273 1117 1336 111.

452 1482 559 1546 ilnne
581 1483 620 1548 de
641 1481 800 1550 vinraeta
820 1495 879 1568 per
899 1481 1037 1568 speciem
1058 1488 1180 1551 tentum
1201 1478 1452 1566 digressionem,
1482 1501 1559 1566 qnae

382 1605 419 1651 re
441 1584 573 1651 varein
594 1586 647 1650 via
668 1592 754 1652 recia
776 1587 923 1684 migratio
946 1593 1004 1663 est,
1028 1585 1128 1654 abiis
1150 1586 1206 1670 qni
1227 1582 1398 1652 audiebant
1419 1587 1558 1652 animad-

383 1709 506 1756 versam
528 1696 560 1754 et
580 1691 809 1776 reprehensam
830 1693 991 1768 videmus,
1020 1689 1292 1776 p.d71,c,ss
1332 1683 1462 1756 Αλλόι
1484 1684 1558 1780 γάρ

382 1817 457 1880 μοι
487 1779 696 1874 δοκεῖς,
672 1820 698 1861 οι
726 1789 1020 1885 Σώκρατες,’
1003 1787 1074 1860 τόν
1109 1792 1172 1870 τίς
1201 1813 1271 1858 σοι
1302 1788 1352 1858 τό
1389 1793 1558 1860 τοιαῦτα

383 1897 583 1992 ἐπιτρέπῃ
610 1900 765 1984 λέγειν,
794 1893 997 1966 οὐδέποτε
1025 1889 1365 1982 μνησθήσεσθαι
1392 1889 1457 1962 δ’
1441 1920 1484 1964 εν
1511 1897 1558 1987 τῷ

381 1994 575 2089 πρόσθεν
595 1996 898 2091 παρωσάμενος
917 1994 1048 2068 πάντα
1070 2000 1202 2070 ταῦτα
1224 2000 1416 2090 εἴρηκας,
1445 1996 1494 2066 τό
1515 1995 1559 2076 ὡς

384 2098 544 2185 δυνατή
566 2094 668 2184 αὕτη
690 2097 711 2186 ή
732 2104 934 2172 πολιτεία
956 2105 1175 2189 γενέσθαι,
1200 2107 1268 2170 καί
1290 2103 1382 2171 τίνα
1403 2097 1559 2193 τρόπον

383 2212 484 2272 ποτὲ
513 2201 680 2289 δυνατή.
712 2209 778 2274 ἐπεὶ
805 2197 858 2274 ότι
887 2231 942 2293 γε,
969 2202 1001 2274 εί
1019 2209 1163 2292 γένοιτο,
1189 2201 1281 2274 πάντ’
1302 2202 1347 2274 όίν
1368 2207 1416 2290 εἴη
1438 2201 1559 2292 ἀγαθὰ

381 2303 475 2379 ,πόλει
496 2299 518 2404 ᾗ
539 2312 678 2396 γένοιτο,
699 2315 755 2378 καὶ
777 2304 800 2378 ἐν’
822 2307 863 2378 σίν
884 2311 1111 2398 παραλείπεις,
1134 2306 1196 2396 ἐγὼ
1217 2313 1316 2396 λέγω,
1339 2301 1392 2378 ότι
1414 2315 1472 2378 καὶ
1494 2314 1559 2388 τοῖς

382 2414 551 2500 πολεμίοις
579 2409 685 2504 ἄριστ’
709 2410 750 2483 dv
777 2409 937 2501 μάχοιντο
964 2415 1009 2507 τῷ
1037 2404 1158 2495 ἥκιστα
1179 2408 1366 2481 ἀπολείπειν
1387 2408 1559 2495 ἀλλήλους,

381 2511 615 2602 γιγνώσκοντές
645 2542 678 2588 τε
705 2523 762 2587 καὶ
785 2514 1025 2596 ἀνακαλοῦντες
1048 2518 1155 2584 ταῦτα
1177 2513 1220 2585 τόν
1241 2512 1391 2606 ὀνόματα
1412 2514 1558 2598 ἑαυτοὺς,

384 2614 567 2713 ἀδελφοῖς,
594 2624 758 2711 πατέρας,
786 2625 874 2700 υἱεῖς·
904 2616 935 2688 εἰ
960 2623 995 2688 δέ
1025 2626 1079 2688 καί
1111 2617 1149 2688 τό
1171 2621 1264 2702 θῆλυ
1286 2614 1559 2712 συστρατεύοιτο,
1638 2644 1639 2654 ’

382 2724 446 2790 εἴτε
467 2729 522 2790 καὶ
545 2725 578 2791 ἐν
600 2724 639 2818 τῇ
661 2720 744 2818 αὐτῇ
767 2719 855 2806 τάξει
878 2725 940 2792 εἴτε
961 2729 1017 2792 καὶ
1037 2721 1222 2795 ὄπισθεν’
1206 2729 1471 2812 ἐπιτεταγμένον,
1499 2719 1560 2818 φό-

382 2828 452 2912 βων
481 2850 514 2892 τε
543 2829 634 2894 ἕνεκα
663 2833 732 2906 τοῖς
759 2829 898 2918 ἐχθροῖς
929 2834 986 2896 και
1014 2829 1049 2898 εἴ
1069 2831 1151 2896 ποτέ
1177 2853 1226 2908 τις
1247 2823 1373 2914 ἀνάγκη
1394 2829 1561 2914 βοηθείας

383 2933 529 3016 γένοιτο,
561 2920 667 3012 οέὁζ(
657 2922 710 2998 ότι
732 2927 840 3025 ταότη
858 2925 965 3013 πάντη
987 2927 1112 3020 ι’ίμαγοι
1133 2927 1176 3000 όν
1196 2922 1272 3000 εἶεν·
1278 2938 1350 3000 καὶ
1373 2934 1459 3000 οἴκοι
1481 2957 1517 3018 γε
1538 2925 1560 2997 ἁ

385 3033 623 3125 παραλείπεται
646 3026 833 3121 ἀγαθὰ,
813 3059 878 3102 οσα
906 3029 947 3104 όίν
976 3036 1024 3117 εἴη
1054 3030 1183 3114 αὐτοῖς,
1213 3029 1289 3125 όρεό·
1317 3030 1433 3102 ἄλλ’
1410 3061 1454 3114 ως
1482 3035 1560 3120 ἐμοῦ

385 3132 628 3224 ὁμολογοῦντος
655 3136 765 3206 πάντα
796 3129 990 3210 reirandei
1018 3139 1066 3221 εἴη
1095 3134 1152 3220 όν,
1185 3143 1242 3226 καλ
1269 3134 1355 3206 όίλλα
1383 3163 1420 3224 γε
1446 3139 1560 3226 μυρία,

386 3236 421 3306 εἰ
444 3244 612 3327 γένοιτο
642 3235 663 3322 ή
691 3243 888 3310 πολιτεία
910 3233 1031 3324 αὕτη,
1058 3245 1205 3329 μηκέτι
1225 3242 1351 3310 πλείω
1372 3246 1467 3332 περὶ
1488 3236 1562 3308 αό-

386 3344 459 3426 τῆς
491 3347 600 3431 λέγε,
635 3340 741 3412 ἀλλὰ
774 3346 902 3412 τοῦτο
936 3340 1039 3414 αντό
1068 3342 1148 3428 ήδη
1176 3339 1471 3437 πειρώμεθα(
1452 3346 1564 3432 ημᾶς

386 3442 543 3528 αὐτους
569 3441 816 3530 πείθειν,’
796 3475 845 3526 ως
876 3446 1061 3518 δυνατόν
1089 3439 1204 3571 καλή
1234 3444 1430 3531 δυνατόν,
1462 3444 1560 3516 τόδ’

386 3548 472 3618 ἄλλα
492 3551 619 3641 χαίρειν
641 3551 749 3639 ἐῶμεν.
788 3547 964 3646 Ἐξαίιμνης
984 3577 1020 3638 γε
1042 3576 1093 3634 συ,
1116 3577 1156 3634 ην
1177 3547 1250 3620 δ
1234 3549 1305 3639 εγὼ,
1328 3543 1435 3645 ὥσπερ
1457 3578 1565 3620 κατα-

386 3652 511 3747 δρομήν
533 3650 714 3737 ἐποιήσω
698 3660 749 3724 επὶ
771 3651 829 3722 τόν
850 3651 950 3742 λόγον
970 3680 1046 3744 μου,
1065 3660 1124 3724 καὶ
1146 3651 1184 3724 οὐ
1207 3649 1438 3742 συγγινόσκτις
1459 3679 1565 3746 στρα

386 3762 559 3850 τευομένιμ·
588 3760 684 3838 ἴσως
710 3755 788 3880 γὰρ
816 3755 889 3826 οὐκ
911 3749 1066 3841 οἶσθα,
1095 3750 1162 3827 ότι
1182 3753 1302 3848 μόγις
1321 3784 1390 3848 μοι
1413 3756 1465 3826 τόν
1486 3757 1564 3828 δύο

386 3855 543 3948 κύματε
573 3859 801 3957 ἐκφυγόντι
827 3887 898 3932 νυν
927 3857 972 3930 τό
1001 3866 1200 3950 μέγιστον
1230 3867 1297 3930 και
1322 3858 1565 3951 γαλεπιότα

386 3988 458 4032 τον
492 3966 563 4048 τῆς
592 3968 819 4057 τρικυμίας
850 3960 1072 4054 ἐπόγεις·“
1060 3959 1080 4034 ό
1109 3963 1275 4055 ἐπειδὰν
1303 3969 1393 4062 ἴδης
1421 3991 1462 4034 τε
1490 3973 1564 4036 καί

385 4063 583 4164 ἇκοόσῃςι
617 4065 723 4140 πάνυ
758 4065 1000 4157 συγγνώμην
1038 4060 1208 4152 ἕξεις,’
1188 4096 1252 4138 οτι
1280 4065 1450 4150 εἰκότως
1480 4097 1566 4159 αρα

384 4170 541 4242 ὤκνουν
562 4198 603 4248 τε
624 4199 691 4242 και
712 4174 937 4242 ἐδεδοίκειν
959 4165 1059 4245 οίίτω
1079 4168 1320 4263 παράδοξον
1341 4177 1476 4262 λέγειν
1497 4172 1565 4243 λό-

385 4303 461 4366 γον
499 4302 539 4346 τε
574 4283 646 4354 καὶ
677 4279 906 4370 ἐπιχειρεῖν
940 4281 1193 4348 διασκοπεῖν.
1236 4270 1432 4372 “OQ-'3²¹¹
1467 4279 1564 4374 ἔφη,
