3312 5238
873 447 912 464 ...
957 415 1083 480 5⁶...

383 577 512 653 lherint,
536 580 622 662 quod
644 561 800 642 hocloco
823 578 886 640 iarn
908 595 972 641 non
991 576 1096 660 ipsum
1112 579 1340 642 Somatemsed
1355 573 1555 653 Adimantum,

383 685 448 768 quo
471 683 592 765 species
614 681 683 746 veri
704 687 850 765 augetur,
872 683 982 744 testari
1004 683 1158 746 videmus.

387 813 389 822 ’
437 795 443 830 ²
465 788 533 851 ⁴Sed
551 787 682 866 {videant
702 783 855 859 lectores,
881 792 997 869 quanta
1020 793 1089 848 arte
1110 785 1197 849 Plato
1220 783 1396 848 orationem
1416 783 1557 870 paulatim

384 891 424 956 ad
447 891 606 954 civitatem
628 886 820 971 perfectam,
855 889 888 949 in
916 909 978 971 qua
1000 891 1107 951 omnis
1127 890 1181 972 qui
1204 890 1346 973 sequitur
1369 906 1471 952 sermo
1492 909 1558 952 ver-

382 999 487 1071 satur,
520 992 700 1080 deduxerit.
746 993 887 1054 Primum
917 993 951 1054 in
978 993 1158 1055 civitatibus
1180 993 1330 1057 iustitiam
1353 1013 1387 1055 se
1410 1011 1557 1076 quaerere

381 1099 464 1164 velle
494 1098 651 1170 declarat,
687 1095 803 1158 deinde
824 1095 858 1156 in
879 1112 942 1158 una
963 1101 1085 1159 mutum
1108 1097 1265 1180 civitate,¹
1295 1096 1404 1180 ltaque
1428 1097 1555 1159 civitatis

384 1201 516 1266 alicuius
540 1200 707 1263 demedio
731 1199 887 1282 originem
911 1200 1073 1280 explicare
1095 1201 1177 1262 velle
1198 1197 1336 1271 videtur,
1367 1197 1423 1262 sed
1445 1201 1559 1282 agrico-

383 1307 500 1378 larum,
524 1301 686 1385 opiticum,
716 1303 749 1364 h.
775 1322 804 1364 e.
829 1303 940 1365 tertiae
964 1303 1079 1366 civium
1103 1303 1210 1365 classis
1233 1305 1265 1364 in
1289 1313 1348 1366 sua
1366 1303 1492 1366 civitate
1513 1304 1559 1365 ri-

383 1415 446 1473 tam
468 1425 594 1494 parcam
617 1413 650 1469 et
671 1405 827 1468 modicam
851 1407 1016 1484 d=escrihit3
1040 1406 1223 1480 occasione,
1248 1425 1329 1491 quae
1353 1427 1388 1469 se
1411 1404 1559 1468 olierehat

383 1514 422 1576 ad
452 1507 665 1595 quaerendam
695 1509 846 1572 iustitiam
876 1508 909 1572 ἐν
939 1503 1047 1573 αὐτῶν
1076 1503 1201 1573 τούτων
1219 1503 1315 1598 χρείᾳ
1338 1514 1402 1575 τινὶ
1424 1533 1463 1601 τῃ
1483 1505 1560 1596 πρὸς

385 1609 567 1694 ἀλλήλους,
592 1630 656 1675 non
677 1612 787 1674 utitur.
825 1611 947 1674 Deinde
969 1615 1002 1675 in
1023 1606 1201 1700 τρυφώσης
1216 1607 1341 1688 πόλεως
1356 1611 1561 1698 descriptione

382 1719 546 1803 paulisper
566 1715 762 1789 immoratur,
786 1716 820 1778 in
843 1733 879 1778 ea
903 1716 998 1778 etiam
1020 1716 1170 1778 iustitiam
1192 1713 1441 1798 iniustitiamque
1465 1735 1497 1778 se
1517 1715 1562 1778 in-

387 1825 501 1906 dagare
523 1820 605 1884 velle
627 1817 795 1896 simulans3
819 1816 876 1882 sed
897 1817 1023 1884 inventa
1045 1819 1123 1882 belli
1145 1819 1287 1900 origine,
1312 1817 1464 1901 singulari
1485 1817 1561 1881 mili-

384 1933 452 1991 tum
475 1923 585 1988 ordine
607 1943 689 2006 opus
711 1911 789 1986 esse'
802 1921 1032 1996 demonstrans,
1056 1921 1119 1986 iam
1141 1929 1224 1985 totus
1245 1929 1292 1986 est
1307 1920 1339 1985 in
1354 1921 1561 2004 descriptione

383 2027 544 2116 perlectae
572 2025 723 2102 civitatiS,
763 2027 804 2090 oh
837 2025 1067 2090 simulationem
1097 2024 1191 2089 toties
1216 2025 1388 2108 'repetitam
1417 2024 1561 2088 iustitiam

385 2151 454 2197 esse
477 2129 563 2216 quod
585 2136 717 2214 quaerat
738 2163 779 2176 -
800 2147 873 2192 nam
895 2129 928 2192 in
950 2127 1090 2211 perlecta
1112 2128 1206 2192 etiarn
1229 2127 1372 2200 civitate,
1396 2128 1444 2193 ‘ad
1473 2147 1561 2212 mam

385 2239 551 2301 custodum
574 2231 688 2298 electio
710 2239 741 2297 et
764 2231 908 2296 educatio
931 2234 993 2296 iam
1014 2234 1185 2318 pertinent,
1209 2232 1358 2296 iustitiam
1374 2251 1409 2296 se
1425 2231 1562 2296 invenire

384 2359 479 2425 posse
501 2343 617 2424 sperat,
641 2371 683 2384 -
704 2355 769 2400 non
788 2333 1054 2401 animadvertente
1069 2357 1241 2420 quoquam,
1264 2319 1561 2421 quamcallidaarte

384 2444 513 2518 texerit,
536 2460 689 2526 quorsum
712 2446 835 2522 spectet
856 2439 959 2504 omnis
973 2442 1086 2504 oratio.
1125 2441 1219 2516 Quod
1234 2447 1322 2504 tanto
1336 2439 1437 2522 magis
1455 2439 1561 2524 fugere

385 2543 516 2611 necesse
537 2545 596 2608 fuit
617 2542 788 2628 legentium
811 2541 943 2620 animos,
969 2545 1059 2628 quia,
1084 2537 1181 2627 quum
1196 2564 1213 2606 a
1228 2542 1364 2606 iustitiae
1380 2542 1561 2628 quaestione

360 2643 426 2714 'ad
448 2648 603 2713 civitatem
627 2648 732 2711 oratio'
750 2646 943 2734 transiisset,
970 2667 994 2710 a
1024 2644 1228 2710 describenda
1256 2645 1395 2731 perfecta
1424 2645 1559 2719 civitate,

379 2753 647 2838 quemadmodum
669 2750 881 2825 ostendimus,
919 2748 1125 2836 philosophus
1159 2751 1293 2815 multum
1322 2751 1435 2814 abesse
1465 2747 1561 2816 rideri

382 2863 517 2943 poterat.
564 2869 568 2880 ·
1397 2853 1398 2858 ’

470 2963 550 3024 Tum
572 2957 681 3023 dicens
704 2955 743 3022 de
763 2955 1089 3022 educationedifficile
1105 2974 1174 3022 csse
1189 2957 1234 3022 ait
1246 2956 1412 3022 meliorem
1427 2957 1561 3044 aliquam

381 3062 543 3137 invenire,
573 3083 667 3148 quam
696 3081 777 3148 quae
806 3061 958 3146 temporis
987 3063 1130 3126 decursu
1146 3061 1275 3126 inventa
1296 3051 1355 3137 sit3
1393 3078 1561 3126 assevero

383 3170 607 3254 gymnastioam
624 3173 661 3229 'et
682 3164 852 3240 musicam,
884 3163 1092 3249 quarum-illa
1115 3171 1249 3248 corpora
1272 3163 1476 3240 excolantur,
1505 3166 1562 3227 hac

383 3272 491 3336 animi.
536 3269 584 3334 Ad
613 3271 765 3333 musicam
792 3269 953 3353 pertinere
983 3287 1180 3344 sermonem,
1212 3269 1300 3332 ouius
1323 3265 1443 3352 duplex
1468 3283 1562 3352 genus

382 3377 437 3450 sit,
467 3385 578 3440 rerum
606 3379 700 3458 atque
728 3369 854 3434 falsum.
899 3370 991 3437 Falso
1019 3375 1173 3437 sermonis
1195 3375 1304 3456 generi
1326 3373 1454 3456 mythos
1476 3373 1563 3435 labu-

380 3478 491 3562 lasque
520 3484 675 3541 accenset.
721 3473 812 3538 Prius
842 3481 946 3539 autem
973 3478 1087 3560 mythis
1116 3475 1295 3561 fabulisque
1317 3476 1455 3540 infantes
1477 3474 1562 3538 insti-

382 3585 428 3647 tui
451 3600 543 3666 quam
567 3576 759 3667 gymnasiis„
775 3585 806 3642 et
827 3597 940 3662 magna
962 3580 1012 3642 hic
1034 3601 1115 3663 opus
1138 3598 1205 3643 esse
1227 3579 1386 3654 cautione,
1412 3578 1562 3664 quoniam

381 3689 490 3748 tenera
512 3691 613 3748 aetate
635 3683 773 3746 maxime
795 3681 951 3746 formetur
972 3692 1003 3748 et
1024 3685 1174 3747 induatur
1196 3682 1339 3758 habitus,
1373 3704 1470 3769 quern
1494 3680 1562 3766 quis

380 3787 458 3853 velit
479 3786 677 3872 imprimere.
722 3789 832 3871 ltaque
855 3789 1080 3851 examinandos
1102 3807 1171 3851 esse
1192 3793 1359 3870 poetarum
1383 3788 1511 3871 mythos
1533 3790 1562 3846 et

381 3893 582 3975 recipiendos
613 3892 715 3956 honos
744 3896 882 3965 tantum,
913 3893 1028 3973 quihus
1049 3893 1189 3956 nutrices
1211 3910 1247 3954 ac
1268 3897 1386 3956 matres
1407 3887 1561 3955 infantum

380 3994 504 4059 animos
524 3991 653 4077 fingant.
698 3994 836 4058 Maiores
857 3995 954 4077 igitur
975 3995 1108 4058 Homeri
1130 3995 1326 4078 Hesiodique
1341 3996 1470 4080 mythos
1490 4011 1563 4056 exa-

380 4099 515 4172 minans,
539 4098 687 4183 quoniam
710 4095 840 4160 eaedem
863 4099 895 4160 in
917 4096 1056 4161 minores
1080 4098 1175 4161 etiam
1194 4101 1318 4182 mythos
1333 4100 1421 4181 leges
1437 4099 1559 4169 cadant,

378 4199 457 4266 vitio
479 4199 518 4264 iis
540 4202 650 4275 vertit,
682 4204 767 4284 quod
798 4198 838 4264 de
854 4202 928 4264 diis
951 4207 982 4265 et
1003 4201 1156 4265 heroibus
1178 4199 1410 4285 male'tingant.
1458 4201 1561 4282 Atque

381 4321 495 4370 eorum
516 4309 610 4370 etiam
632 4323 711 4392 quae
733 4303 886 4370 hocloco
909 4303 1108 4387 disputantur
1128 4304 1202 4371 lons
1223 4311 1271 4370 est
1291 4305 1422 4370 iustitia.
1458 4301 1508 4368 Cf.
1530 4321 1560 4390 p.
