<?xml version="1.0" encoding="UTF-8"?>
<!DOCTYPE html PUBLIC "-//W3C//DTD XHTML 1.0 Transitional//EN"
    "http://www.w3.org/TR/xhtml1/DTD/xhtml1-transitional.dtd">
<html xmlns="http://www.w3.org/1999/xhtml" xml:lang="en" lang="en">
 <head>
  <title>
</title>
<meta http-equiv="Content-Type" content="text/html;charset=utf-8" />
  <meta name='ocr-system' content='tesseract 3.04.00' />
  <meta name='ocr-capabilities' content='ocr_page ocr_carea ocr_par ocr_line ocrx_word'/>
</head>
<body>
  <div class='ocr_page' id='page_1' title='image "./prolegomenaadpl00rettgoog_0333.png"; bbox 0 0 3296 5232; ppageno 0'>
   <div class='ocr_carea' id='block_1_1' title="bbox 850 392 1079 460">
    <p class='ocr_par' dir='ltr' id='par_1_1' title="bbox 850 392 1079 460">
     <span class='ocr_line' id='line_1_1' title="bbox 850 392 1079 460; baseline 0.017 -22"><span class='ocrx_word' id='word_1_1' title='bbox 850 392 1079 460; x_wconf 68' lang='lat' dir='ltr'><strong>-pnp..</strong></span> 
     </span>
    </p>
   </div>
   <div class='ocr_carea' id='block_1_2' title="bbox 369 544 1560 1566">
    <p class='ocr_par' dir='ltr' id='par_1_2' title="bbox 369 544 1560 1566">
     <span class='ocr_line' id='line_1_2' title="bbox 375 544 1559 640; baseline 0.003 -21"><span class='ocrx_word' id='word_1_2' title='bbox 375 545 635 634; x_wconf 74' lang='grc' dir='ltr'><strong><em>διεληλύθαμεν,</em></strong></span> <span class='ocrx_word' id='word_1_3' title='bbox 657 547 824 626; x_wconf 76' lang='grc' dir='ltr'><strong><em>πολιτείας</em></strong></span> <span class='ocrx_word' id='word_1_4' title='bbox 845 550 893 630; x_wconf 82' lang='grc' dir='ltr'><strong><em>εἴη</em></strong></span> <span class='ocrx_word' id='word_1_5' title='bbox 908 544 948 618; x_wconf 84' lang='grc' dir='ltr'><strong><em>ἀν</em></strong></span> <span class='ocrx_word' id='word_1_6' title='bbox 964 545 1102 640; x_wconf 80' lang='grc' dir='ltr'><strong><em>τρόπος,</em></strong></span> <span class='ocrx_word' id='word_1_7' title='bbox 1125 551 1376 639; x_wconf 73' lang='grc' dir='ltr'><strong><em>ἐπονομασθείη</em></strong></span> <span class='ocrx_word' id='word_1_8' title='bbox 1391 549 1423 620; x_wconf 77' lang='grc' dir='ltr'><strong><em>δ’</em></strong></span> <span class='ocrx_word' id='word_1_9' title='bbox 1441 550 1482 622; x_wconf 83' lang='grc' dir='ltr'><strong><em>ἀν</em></strong></span> <span class='ocrx_word' id='word_1_10' title='bbox 1505 562 1559 623; x_wconf 86' lang='grc' dir='ltr'><strong><em>καὶ</em></strong></span> 
     </span>
     <span class='ocr_line' id='line_1_3' title="bbox 375 647 1559 751; baseline 0.003 -29"><span class='ocrx_word' id='word_1_11' title='bbox 375 656 458 741; x_wconf 75' lang='grc' dir='ltr'><strong><em>διχῆ.</em></strong></span> <span class='ocrx_word' id='word_1_12' title='bbox 480 655 688 739; x_wconf 77' lang='grc' dir='ltr'><strong><em>ἐγγενομένου</em></strong></span> <span class='ocrx_word' id='word_1_13' title='bbox 709 658 769 736; x_wconf 79' lang='grc' dir='ltr'><strong><em>μὲν</em></strong></span> <span class='ocrx_word' id='word_1_14' title='bbox 789 647 854 741; x_wconf 90' lang='grc' dir='ltr'><strong><em>γάρ</em></strong></span> <span class='ocrx_word' id='word_1_15' title='bbox 882 647 1004 743; x_wconf 85' lang='grc' dir='ltr'><strong><em>ἀνδρός</em></strong></span> <span class='ocrx_word' id='word_1_16' title='bbox 1024 650 1097 731; x_wconf 85' lang='grc' dir='ltr'><strong><em>ἑνός</em></strong></span> <span class='ocrx_word' id='word_1_17' title='bbox 1119 656 1152 722; x_wconf 86' lang='grc' dir='ltr'><strong><em>ἐν</em></strong></span> <span class='ocrx_word' id='word_1_18' title='bbox 1173 661 1244 734; x_wconf 80' lang='grc' dir='ltr'><strong><em>τοῖς</em></strong></span> <span class='ocrx_word' id='word_1_19' title='bbox 1272 652 1412 746; x_wconf 77' lang='grc' dir='ltr'><strong><em>ἄρχουσι</em></strong></span> <span class='ocrx_word' id='word_1_20' title='bbox 1442 659 1559 751; x_wconf 85' lang='grc' dir='ltr'><strong><em>διαφέ-</em></strong></span> 
     </span>
     <span class='ocr_line' id='line_1_4' title="bbox 374 751 1560 846; baseline 0.003 -22"><span class='ocrx_word' id='word_1_21' title='bbox 374 781 490 846; x_wconf 87' lang='grc' dir='ltr'><strong><em>ροντος</em></strong></span> <span class='ocrx_word' id='word_1_22' title='bbox 509 755 665 841; x_wconf 78' lang='grc' dir='ltr'><strong><em>βασιλεία</em></strong></span> <span class='ocrx_word' id='word_1_23' title='bbox 694 751 734 822; x_wconf 83' lang='grc' dir='ltr'><strong><em>ἀν</em></strong></span> <span class='ocrx_word' id='word_1_24' title='bbox 756 755 914 837; x_wconf 71' lang='grc' dir='ltr'><strong><em>κληθείη,</em></strong></span> <span class='ocrx_word' id='word_1_25' title='bbox 942 751 1101 824; x_wconf 86' lang='grc' dir='ltr'><strong><em>πλειόνων</em></strong></span> <span class='ocrx_word' id='word_1_26' title='bbox 1127 759 1163 824; x_wconf 77' lang='grc' dir='ltr'><strong><em>δὲ</em></strong></span> <span class='ocrx_word' id='word_1_27' title='bbox 1184 753 1417 846; x_wconf 87' lang='grc' dir='ltr'><strong><em>ἀριςοκρατία.</em></strong></span> <span class='ocrx_word' id='word_1_28' title='bbox 1460 755 1560 842; x_wconf 85' lang='grc' dir='ltr'><strong><em>Ἀλη-</em></strong></span> 
     </span>
     <span class='ocr_line' id='line_1_5' title="bbox 375 845 1559 951; baseline 0.003 -25"><span class='ocrx_word' id='word_1_29' title='bbox 375 862 443 945; x_wconf 74' lang='grc' dir='ltr'><strong><em>θῆ,</em></strong></span> <span class='ocrx_word' id='word_1_30' title='bbox 465 859 539 951; x_wconf 78' lang='grc' dir='ltr'><strong><em>ἔφη.</em></strong></span> <span class='ocrx_word' id='word_1_31' title='bbox 588 857 696 924; x_wconf 81' lang='grc' dir='ltr'><strong><em>Τοῦτο</em></strong></span> <span class='ocrx_word' id='word_1_32' title='bbox 716 864 777 943; x_wconf 76' lang='grc' dir='ltr'><strong><em>μὲν</em></strong></span> <span class='ocrx_word' id='word_1_33' title='bbox 806 858 932 938; x_wconf 84' lang='grc' dir='ltr'><strong><em>τοίνυν,</em></strong></span> <span class='ocrx_word' id='word_1_34' title='bbox 962 845 1003 940; x_wconf 79' lang='grc' dir='ltr'><strong><em>ἦν</em></strong></span> <span class='ocrx_word' id='word_1_35' title='bbox 1025 854 1055 925; x_wconf 79' lang='grc' dir='ltr'><strong><em>δ’</em></strong></span> <span class='ocrx_word' id='word_1_36' title='bbox 1080 856 1159 944; x_wconf 73' lang='grc' dir='ltr'><strong><em>ἐγώ,</em></strong></span> <span class='ocrx_word' id='word_1_37' title='bbox 1187 851 1332 940; x_wconf 74' lang='grc' dir='ltr'><strong><em>ἐνεῖδες</em></strong></span> <span class='ocrx_word' id='word_1_38' title='bbox 1360 865 1458 948; x_wconf 83' lang='grc' dir='ltr'><strong><em>λέγω·</em></strong></span> <span class='ocrx_word' id='word_1_39' title='bbox 1485 861 1559 930; x_wconf 86' lang='grc' dir='ltr'><strong><em>οὔτε</em></strong></span> 
     </span>
     <span class='ocr_line' id='line_1_6' title="bbox 372 953 1560 1053; baseline 0.003 -23"><span class='ocrx_word' id='word_1_40' title='bbox 372 959 437 1053; x_wconf 89' lang='grc' dir='ltr'><strong><em>γόιρ</em></strong></span> <span class='ocrx_word' id='word_1_41' title='bbox 463 959 504 1030; x_wconf 86' lang='grc' dir='ltr'><strong><em>ἀν</em></strong></span> <span class='ocrx_word' id='word_1_42' title='bbox 532 961 663 1039; x_wconf 84' lang='grc' dir='ltr'><strong><em>πλείους</em></strong></span> <span class='ocrx_word' id='word_1_43' title='bbox 689 957 764 1027; x_wconf 88' lang='grc' dir='ltr'><strong><em>οὔτε</em></strong></span> <span class='ocrx_word' id='word_1_44' title='bbox 792 953 837 1038; x_wconf 87' lang='grc' dir='ltr'><strong><em>εἷς</em></strong></span> <span class='ocrx_word' id='word_1_45' title='bbox 866 955 1074 1048; x_wconf 75' lang='grc' dir='ltr'><strong><em>ἐγγενόμενος</em></strong></span> <span class='ocrx_word' id='word_1_46' title='bbox 1106 958 1265 1042; x_wconf 82' lang='grc' dir='ltr'><strong><em>κινήσειεν</em></strong></span> <span class='ocrx_word' id='word_1_47' title='bbox 1296 959 1338 1031; x_wconf 86' lang='grc' dir='ltr'><strong><em>ἀν</em></strong></span> <span class='ocrx_word' id='word_1_48' title='bbox 1366 964 1433 1032; x_wconf 80' lang='grc' dir='ltr'><strong><em>τόν</em></strong></span> <span class='ocrx_word' id='word_1_49' title='bbox 1463 961 1560 1047; x_wconf 81' lang='grc' dir='ltr'><strong><em>ἀξίων</em></strong></span> 
     </span>
     <span class='ocr_line' id='line_1_7' title="bbox 372 1055 1558 1162; baseline 0 -28"><span class='ocrx_word' id='word_1_50' title='bbox 372 1062 474 1151; x_wconf 85' lang='grc' dir='ltr'><strong><em>λόγου</em></strong></span> <span class='ocrx_word' id='word_1_51' title='bbox 494 1059 604 1149; x_wconf 86' lang='grc' dir='ltr'><strong><em>νόμων</em></strong></span> <span class='ocrx_word' id='word_1_52' title='bbox 625 1064 683 1145; x_wconf 80' lang='grc' dir='ltr'><strong><em>τῆς</em></strong></span> <span class='ocrx_word' id='word_1_53' title='bbox 705 1055 844 1143; x_wconf 83' lang='grc' dir='ltr'><strong><em>πόλεως,</em></strong></span> <span class='ocrx_word' id='word_1_54' title='bbox 873 1064 982 1158; x_wconf 87' lang='grc' dir='ltr'><strong><em>τροφῇ</em></strong></span> <span class='ocrx_word' id='word_1_55' title='bbox 1004 1087 1038 1130; x_wconf 88' lang='grc' dir='ltr'><strong><em>τε</em></strong></span> <span class='ocrx_word' id='word_1_56' title='bbox 1067 1069 1122 1132; x_wconf 85' lang='grc' dir='ltr'><strong><em>καὶ</em></strong></span> <span class='ocrx_word' id='word_1_57' title='bbox 1143 1066 1280 1156; x_wconf 72' lang='grc' dir='ltr'><strong><em>παιδείᾳ</em></strong></span> <span class='ocrx_word' id='word_1_58' title='bbox 1305 1059 1558 1162; x_wconf 77' lang='grc' dir='ltr'><strong><em>χρησόμενοςῇ</em></strong></span> 
     </span>
     <span class='ocr_line' id='line_1_8' title="bbox 371 1161 1557 1258; baseline 0.002 -23"><span class='ocrx_word' id='word_1_59' title='bbox 371 1162 566 1254; x_wconf 75' lang='grc' dir='ltr'><strong><em>διήλθομεν.</em></strong></span> <span class='ocrx_word' id='word_1_60' title='bbox 615 1161 660 1232; x_wconf 83' lang='grc' dir='ltr'><strong><em>Οὔ</em></strong></span> <span class='ocrx_word' id='word_1_61' title='bbox 682 1163 747 1253; x_wconf 82' lang='grc' dir='ltr'><strong><em>γὰρ</em></strong></span> <span class='ocrx_word' id='word_1_62' title='bbox 770 1162 855 1244; x_wconf 85' lang='grc' dir='ltr'><strong><em>είκός</em></strong></span> <span class='ocrx_word' id='word_1_63' title='bbox 862 1216 871 1246; x_wconf 92' lang='grc'><strong><em>,</em></strong></span> <span class='ocrx_word' id='word_1_64' title='bbox 893 1165 968 1258; x_wconf 80' lang='grc' dir='ltr'><strong><em>ἔφη.</em></strong></span> <span class='ocrx_word' id='word_1_65' title='bbox 990 1175 1022 1233; x_wconf 88' lang='lat' dir='ltr'><strong><em>et</em></strong></span> <span class='ocrx_word' id='word_1_66' title='bbox 1034 1166 1109 1233; x_wconf 90' lang='lat' dir='ltr'><strong>libri</strong></span> <span class='ocrx_word' id='word_1_67' title='bbox 1132 1170 1235 1253; x_wconf 86' lang='lat' dir='ltr'><strong>quinti</strong></span> <span class='ocrx_word' id='word_1_68' title='bbox 1254 1169 1364 1235; x_wconf 88' lang='lat' dir='ltr'><strong>initio:</strong></span> <span class='ocrx_word' id='word_1_69' title='bbox 1386 1165 1557 1256; x_wconf 75' lang='grc' dir='ltr'><strong><em>Ἀγαθήν</em></strong></span> 
     </span>
     <span class='ocr_line' id='line_1_9' title="bbox 370 1264 1560 1361; baseline 0.003 -25"><span class='ocrx_word' id='word_1_70' title='bbox 370 1278 429 1353; x_wconf 78' lang='grc' dir='ltr'><strong><em>μὲν</em></strong></span> <span class='ocrx_word' id='word_1_71' title='bbox 449 1269 558 1337; x_wconf 85' lang='grc' dir='ltr'><strong><em>τοίνυν</em></strong></span> <span class='ocrx_word' id='word_1_72' title='bbox 578 1267 638 1351; x_wconf 85' lang='grc' dir='ltr'><strong><em>τήν</em></strong></span> <span class='ocrx_word' id='word_1_73' title='bbox 659 1265 817 1350; x_wconf 80' lang='grc' dir='ltr'><strong><em>τοιαύτην</em></strong></span> <span class='ocrx_word' id='word_1_74' title='bbox 830 1264 928 1336; x_wconf 88' lang='grc' dir='ltr'><strong><em>πόλιν</em></strong></span> <span class='ocrx_word' id='word_1_75' title='bbox 949 1293 983 1336; x_wconf 85' lang='grc' dir='ltr'><strong><em>τι</em></strong></span> <span class='ocrx_word' id='word_1_76' title='bbox 997 1275 1054 1336; x_wconf 79' lang='grc' dir='ltr'><strong><em>καὶ</em></strong></span> <span class='ocrx_word' id='word_1_77' title='bbox 1068 1270 1238 1338; x_wconf 85' lang='grc' dir='ltr'><strong><em>πολιτείαν</em></strong></span> <span class='ocrx_word' id='word_1_78' title='bbox 1252 1277 1306 1338; x_wconf 80' lang='grc' dir='ltr'><strong><em>καὶ</em></strong></span> <span class='ocrx_word' id='word_1_79' title='bbox 1323 1267 1443 1361; x_wconf 75' lang='grc' dir='ltr'><strong><em>ὀρθὴν</em></strong></span> <span class='ocrx_word' id='word_1_80' title='bbox 1456 1275 1560 1353; x_wconf 80' lang='grc' dir='ltr'><strong><em>καλό,</em></strong></span> 
     </span>
     <span class='ocr_line' id='line_1_10' title="bbox 369 1368 1559 1466; baseline 0.003 -28"><span class='ocrx_word' id='word_1_81' title='bbox 369 1378 425 1440; x_wconf 84' lang='grc' dir='ltr'><strong><em>καὶ</em></strong></span> <span class='ocrx_word' id='word_1_82' title='bbox 447 1368 553 1458; x_wconf 88' lang='grc' dir='ltr'><strong><em>ἀνδρα</em></strong></span> <span class='ocrx_word' id='word_1_83' title='bbox 576 1370 634 1440; x_wconf 87' lang='grc' dir='ltr'><strong><em>τόν</em></strong></span> <span class='ocrx_word' id='word_1_84' title='bbox 655 1373 815 1439; x_wconf 81' lang='grc' dir='ltr'><strong><em>τοιοῦτον·</em></strong></span> <span class='ocrx_word' id='word_1_85' title='bbox 838 1369 942 1451; x_wconf 84' lang='grc' dir='ltr'><strong><em>κακὰς</em></strong></span> <span class='ocrx_word' id='word_1_86' title='bbox 963 1375 999 1438; x_wconf 82' lang='grc' dir='ltr'><strong><em>δὲ</em></strong></span> <span class='ocrx_word' id='word_1_87' title='bbox 1020 1369 1081 1451; x_wconf 79' lang='grc' dir='ltr'><strong><em>τὰς</em></strong></span> <span class='ocrx_word' id='word_1_88' title='bbox 1102 1369 1207 1452; x_wconf 84' lang='grc' dir='ltr'><strong><em>ἀλλας</em></strong></span> <span class='ocrx_word' id='word_1_89' title='bbox 1229 1379 1285 1440; x_wconf 81' lang='grc' dir='ltr'><strong><em>καὶ</em></strong></span> <span class='ocrx_word' id='word_1_90' title='bbox 1306 1368 1559 1466; x_wconf 78' lang='grc' dir='ltr'><strong><em>ἡμαρτημένας,</em></strong></span> 
     </span>
     <span class='ocr_line' id='line_1_11' title="bbox 370 1467 1560 1566; baseline 0.003 -24"><span class='ocrx_word' id='word_1_91' title='bbox 370 1478 456 1566; x_wconf 88' lang='grc' dir='ltr'><strong><em>εἴπερ</em></strong></span> <span class='ocrx_word' id='word_1_92' title='bbox 479 1467 563 1556; x_wconf 87' lang='grc' dir='ltr'><strong><em>αὔτη</em></strong></span> <span class='ocrx_word' id='word_1_93' title='bbox 586 1470 696 1564; x_wconf 76' lang='grc' dir='ltr'><strong><em>ὀρθή,</em></strong></span> <span class='ocrx_word' id='word_1_94' title='bbox 726 1475 855 1565; x_wconf 82' lang='grc' dir='ltr'><strong><em>περίτι</em></strong></span> <span class='ocrx_word' id='word_1_95' title='bbox 883 1469 1009 1541; x_wconf 85' lang='grc' dir='ltr'><strong><em>πόλεων</em></strong></span> <span class='ocrx_word' id='word_1_96' title='bbox 1038 1470 1219 1562; x_wconf 80' lang='grc' dir='ltr'><strong><em>διοικήσεις</em></strong></span> <span class='ocrx_word' id='word_1_97' title='bbox 1240 1481 1296 1543; x_wconf 84' lang='grc' dir='ltr'><strong><em>καὶ</em></strong></span> <span class='ocrx_word' id='word_1_98' title='bbox 1324 1483 1399 1566; x_wconf 76' lang='grc' dir='ltr'><strong><em>περὶ</em></strong></span> <span class='ocrx_word' id='word_1_99' title='bbox 1420 1473 1560 1546; x_wconf 82' lang='grc' dir='ltr'><strong><em>ἰδιωτῶν</em></strong></span> 
     </span>
    </p>
   </div>
   <div class='ocr_carea' id='block_1_3' title="bbox 369 1573 1634 1670">
    <p class='ocr_par' dir='ltr' id='par_1_3' title="bbox 369 1573 1634 1670">
     <span class='ocr_line' id='line_1_12' title="bbox 369 1573 1634 1670; baseline -0.002 -23"><span class='ocrx_word' id='word_1_100' title='bbox 369 1579 481 1669; x_wconf 81' lang='grc' dir='ltr'><strong><em>ψυχῆς</em></strong></span> <span class='ocrx_word' id='word_1_101' title='bbox 496 1573 628 1668; x_wconf 84' lang='grc' dir='ltr'><strong><em>τρόπου</em></strong></span> <span class='ocrx_word' id='word_1_102' title='bbox 650 1573 869 1658; x_wconf 81' lang='grc' dir='ltr'><strong><em>κατασκευήν,</em></strong></span> <span class='ocrx_word' id='word_1_103' title='bbox 891 1578 925 1644; x_wconf 82' lang='grc' dir='ltr'><strong><em>ἐν</em></strong></span> <span class='ocrx_word' id='word_1_104' title='bbox 946 1579 1100 1666; x_wconf 84' lang='grc' dir='ltr'><strong><em>τέτταρσι</em></strong></span> <span class='ocrx_word' id='word_1_105' title='bbox 1121 1579 1282 1670; x_wconf 84' lang='grc' dir='ltr'><strong><em>πονηρίας</em></strong></span> <span class='ocrx_word' id='word_1_106' title='bbox 1304 1580 1424 1647; x_wconf 84' lang='grc' dir='ltr'><strong><em>εἴδεσιν</em></strong></span> <span class='ocrx_word' id='word_1_107' title='bbox 1444 1577 1559 1660; x_wconf 87' lang='grc' dir='ltr'><strong><em>οὔσας.</em></strong></span> <span class='ocrx_word' id='word_1_108' title='bbox 1633 1595 1634 1604; x_wconf 76' lang='grc'>’</span> 
     </span>
    </p>
   </div>
   <div class='ocr_carea' id='block_1_4' title="bbox 369 1679 1555 1764">
    <p class='ocr_par' dir='ltr' id='par_1_4' title="bbox 369 1679 1555 1764">
     <span class='ocr_line' id='line_1_13' title="bbox 369 1679 1555 1764; baseline 0.002 -18"><span class='ocrx_word' id='word_1_109' title='bbox 369 1682 519 1748; x_wconf 79' lang='lat' dir='ltr'>Diversae</span> <span class='ocrx_word' id='word_1_110' title='bbox 550 1688 655 1747; x_wconf 85' lang='lat' dir='ltr'><strong>autem</strong></span> <span class='ocrx_word' id='word_1_111' title='bbox 684 1679 767 1748; x_wconf 84' lang='lat' dir='ltr'><strong>vires</strong></span> <span class='ocrx_word' id='word_1_112' title='bbox 798 1701 880 1764; x_wconf 84' lang='lat' dir='ltr'><strong>quae</strong></span> <span class='ocrx_word' id='word_1_113' title='bbox 916 1679 949 1746; x_wconf 91' lang='lat' dir='ltr'><strong><em>in</em></strong></span> <span class='ocrx_word' id='word_1_114' title='bbox 980 1682 1019 1746; x_wconf 91' lang='lat' dir='ltr'><strong>iis</strong></span> <span class='ocrx_word' id='word_1_115' title='bbox 1053 1681 1237 1749; x_wconf 89' lang='lat' dir='ltr'><strong>harmonice</strong></span> <span class='ocrx_word' id='word_1_116' title='bbox 1267 1682 1434 1750; x_wconf 72' lang='lat' dir='ltr'><strong>ordinatae</strong></span> <span class='ocrx_word' id='word_1_117' title='bbox 1464 1694 1555 1760; x_wconf 88' lang='lat' dir='ltr'><strong>sunt,</strong></span> 
     </span>
    </p>
   </div>
   <div class='ocr_carea' id='block_1_5' title="bbox 368 1782 1634 2082">
    <p class='ocr_par' dir='ltr' id='par_1_5' title="bbox 368 1782 1634 2082">
     <span class='ocr_line' id='line_1_14' title="bbox 370 1782 1634 1869; baseline 0.008 -20"><span class='ocrx_word' id='word_1_118' title='bbox 370 1794 441 1850; x_wconf 91' lang='lat' dir='ltr'><strong>sunt</strong></span> <span class='ocrx_word' id='word_1_119' title='bbox 463 1784 549 1869; x_wconf 85' lang='lat' dir='ltr'><strong>ipsae</strong></span> <span class='ocrx_word' id='word_1_120' title='bbox 571 1793 636 1850; x_wconf 88' lang='lat' dir='ltr'><strong>tres</strong></span> <span class='ocrx_word' id='word_1_121' title='bbox 657 1783 754 1851; x_wconf 91' lang='lat' dir='ltr'><strong>animi</strong></span> <span class='ocrx_word' id='word_1_122' title='bbox 774 1782 941 1850; x_wconf 78' lang='lat' dir='ltr'><strong>facultates</strong></span> <span class='ocrx_word' id='word_1_123' title='bbox 963 1804 1033 1850; x_wconf 91' lang='lat' dir='ltr'><strong><em>cum</em></strong></span> <span class='ocrx_word' id='word_1_124' title='bbox 1061 1794 1198 1869; x_wconf 84' lang='lat' dir='ltr'><strong>quotuor</strong></span> <span class='ocrx_word' id='word_1_125' title='bbox 1225 1785 1394 1852; x_wconf 86' lang='lat' dir='ltr'><strong>virtutibus</strong></span> <span class='ocrx_word' id='word_1_126' title='bbox 1419 1794 1453 1852; x_wconf 90' lang='lat' dir='ltr'><strong><em>et</em></strong></span> <span class='ocrx_word' id='word_1_127' title='bbox 1477 1787 1558 1852; x_wconf 82' lang='lat' dir='ltr'><strong>vitiis</strong></span> <span class='ocrx_word' id='word_1_128' title='bbox 1633 1855 1634 1860; x_wconf 74' lang='grc'>,</span> 
     </span>
     <span class='ocr_line' id='line_1_15' title="bbox 369 1887 1634 1974; baseline 0.003 -23"><span class='ocrx_word' id='word_1_129' title='bbox 369 1887 524 1972; x_wconf 86' lang='lat' dir='ltr'><strong>primariis</strong></span> <span class='ocrx_word' id='word_1_130' title='bbox 554 1896 585 1952; x_wconf 88' lang='lat' dir='ltr'><strong>ct</strong></span> <span class='ocrx_word' id='word_1_131' title='bbox 606 1887 770 1973; x_wconf 84' lang='lat' dir='ltr'><strong>principiis</strong></span> <span class='ocrx_word' id='word_1_132' title='bbox 793 1891 934 1971; x_wconf 88' lang='lat' dir='ltr'><strong>quinque</strong></span> <span class='ocrx_word' id='word_1_133' title='bbox 963 1887 1144 1963; x_wconf 85' lang='lat' dir='ltr'><strong>civitatum,</strong></span> <span class='ocrx_word' id='word_1_134' title='bbox 1176 1909 1310 1974; x_wconf 81' lang='lat' dir='ltr'><strong>quarum</strong></span> <span class='ocrx_word' id='word_1_135' title='bbox 1339 1889 1502 1954; x_wconf 88' lang='lat' dir='ltr'><strong>elementa</strong></span> <span class='ocrx_word' id='word_1_136' title='bbox 1519 1891 1550 1954; x_wconf 91' lang='lat' dir='ltr'><strong><em>in</em></strong></span> <span class='ocrx_word' id='word_1_137' title='bbox 1633 1887 1634 1964; x_wconf 65' lang='grc' dir='ltr'>ξ</span> 
     </span>
     <span class='ocr_line' id='line_1_16' title="bbox 368 1987 1634 2082; baseline 0.005 -29"><span class='ocrx_word' id='word_1_138' title='bbox 368 1999 505 2074; x_wconf 91' lang='lat' dir='ltr'><strong>utroque</strong></span> <span class='ocrx_word' id='word_1_139' title='bbox 542 1989 724 2056; x_wconf 88' lang='lat' dir='ltr'><strong>harmoniae</strong></span> <span class='ocrx_word' id='word_1_140' title='bbox 757 2009 873 2072; x_wconf 78' lang='lat' dir='ltr'><strong>genere</strong></span> <span class='ocrx_word' id='word_1_141' title='bbox 912 1997 1092 2075; x_wconf 83' lang='lat' dir='ltr'><strong>supersunt.</strong></span> <span class='ocrx_word' id='word_1_142' title='bbox 1148 1989 1252 2056; x_wconf 88' lang='lat' dir='ltr'><strong>Verba</strong></span> <span class='ocrx_word' id='word_1_143' title='bbox 1285 1996 1356 2080; x_wconf 80' lang='grc' dir='ltr'><strong><em>τρὶς</em></strong></span> <span class='ocrx_word' id='word_1_144' title='bbox 1393 1987 1556 2072; x_wconf 68' lang='grc' dir='ltr'><strong><em>αὐξηθεὶς</em></strong></span> <span class='ocrx_word' id='word_1_145' title='bbox 1633 2075 1634 2082; x_wconf 12' lang='lat'>¹</span> 
     </span>
    </p>
   </div>
   <div class='ocr_carea' id='block_1_6' title="bbox 368 2089 1557 2180">
    <p class='ocr_par' dir='ltr' id='par_1_6' title="bbox 368 2089 1557 2180">
     <span class='ocr_line' id='line_1_17' title="bbox 368 2089 1557 2180; baseline 0.002 -22"><span class='ocrx_word' id='word_1_146' title='bbox 368 2091 544 2176; x_wconf 87' lang='lat' dir='ltr'><strong>significant</strong></span> <span class='ocrx_word' id='word_1_147' title='bbox 587 2097 680 2158; x_wconf 89' lang='lat' dir='ltr'><strong>toties</strong></span> <span class='ocrx_word' id='word_1_148' title='bbox 719 2093 823 2175; x_wconf 87' lang='lat' dir='ltr'><strong>repeti</strong></span> <span class='ocrx_word' id='word_1_149' title='bbox 861 2092 1155 2176; x_wconf 85' lang='lat' dir='ltr'><strong>multiplicationem</strong></span> <span class='ocrx_word' id='word_1_150' title='bbox 1194 2096 1368 2180; x_wconf 72' lang='grc' dir='ltr'><strong><em>πυθμένος</em></strong></span> <span class='ocrx_word' id='word_1_151' title='bbox 1408 2089 1557 2180; x_wconf 80' lang='grc' dir='ltr'><strong><em>πεμπάδι</em></strong></span> 
     </span>
    </p>
   </div>
   <div class='ocr_carea' id='block_1_7' title="bbox 370 2193 1634 2282">
    <p class='ocr_par' dir='ltr' id='par_1_7' title="bbox 370 2193 1634 2282">
     <span class='ocr_line' id='line_1_18' title="bbox 370 2193 1634 2282; baseline 0.001 -22"><span class='ocrx_word' id='word_1_152' title='bbox 370 2197 561 2278; x_wconf 84' lang='grc' dir='ltr'><strong><em>συζυγέντος</em></strong></span> <span class='ocrx_word' id='word_1_153' title='bbox 592 2193 693 2260; x_wconf 92' lang='lat' dir='ltr'><strong>donec</strong></span> <span class='ocrx_word' id='word_1_154' title='bbox 719 2195 936 2280; x_wconf 80' lang='lat' dir='ltr'><strong>multiplicatio</strong></span> <span class='ocrx_word' id='word_1_155' title='bbox 967 2197 1109 2282; x_wconf 81' lang='lat' dir='ltr'><strong>perlecta</strong></span> <span class='ocrx_word' id='word_1_156' title='bbox 1138 2195 1292 2263; x_wconf 85' lang='lat' dir='ltr'><strong>videatur.</strong></span> <span class='ocrx_word' id='word_1_157' title='bbox 1337 2199 1416 2260; x_wconf 89' lang='lat' dir='ltr'><strong><em>Nam</em></strong></span> <span class='ocrx_word' id='word_1_158' title='bbox 1448 2199 1556 2280; x_wconf 90' lang='lat' dir='ltr'><strong>plures</strong></span> <span class='ocrx_word' id='word_1_159' title='bbox 1633 2195 1634 2246; x_wconf 63' lang='lat' dir='ltr'><strong>t</strong></span> 
     </span>
    </p>
   </div>
   <div class='ocr_carea' id='block_1_8' title="bbox 367 2297 1555 2698">
    <p class='ocr_par' dir='ltr' id='par_1_8' title="bbox 367 2297 1555 2698">
     <span class='ocr_line' id='line_1_19' title="bbox 368 2297 1554 2386; baseline 0 -22"><span class='ocrx_word' id='word_1_160' title='bbox 368 2318 432 2364; x_wconf 93' lang='lat' dir='ltr'><strong><em>non</em></strong></span> <span class='ocrx_word' id='word_1_161' title='bbox 454 2304 526 2364; x_wconf 87' lang='lat' dir='ltr'><strong>suot</strong></span> <span class='ocrx_word' id='word_1_162' title='bbox 548 2317 719 2380; x_wconf 89' lang='lat' dir='ltr'><strong>corporum</strong></span> <span class='ocrx_word' id='word_1_163' title='bbox 741 2297 971 2372; x_wconf 83' lang='lat' dir='ltr'><strong>dimensiones,</strong></span> <span class='ocrx_word' id='word_1_164' title='bbox 994 2320 1073 2383; x_wconf 81' lang='lat' dir='ltr'><strong>quas</strong></span> <span class='ocrx_word' id='word_1_165' title='bbox 1096 2308 1226 2374; x_wconf 83' lang='lat' dir='ltr'><strong>uocant,</strong></span> <span class='ocrx_word' id='word_1_166' title='bbox 1251 2320 1346 2386; x_wconf 85' lang='lat' dir='ltr'><strong>quam</strong></span> <span class='ocrx_word' id='word_1_167' title='bbox 1370 2307 1450 2368; x_wconf 88' lang='lat' dir='ltr'><strong>tres.</strong></span> <span class='ocrx_word' id='word_1_168' title='bbox 1498 2304 1554 2364; x_wconf 87' lang='lat' dir='ltr'><strong><em>Ter</em></strong></span> 
     </span>
     <span class='ocr_line' id='line_1_20' title="bbox 367 2399 1553 2486; baseline 0 -20"><span class='ocrx_word' id='word_1_169' title='bbox 367 2401 463 2484; x_wconf 81' lang='lat' dir='ltr'><strong>igitur</strong></span> <span class='ocrx_word' id='word_1_170' title='bbox 484 2409 575 2467; x_wconf 89' lang='lat' dir='ltr'><strong>aucta</strong></span> <span class='ocrx_word' id='word_1_171' title='bbox 595 2399 664 2466; x_wconf 86' lang='lat' dir='ltr'><strong>basi</strong></span> <span class='ocrx_word' id='word_1_172' title='bbox 685 2399 902 2486; x_wconf 85' lang='lat' dir='ltr'><strong>multiplicatio</strong></span> <span class='ocrx_word' id='word_1_173' title='bbox 924 2400 1064 2486; x_wconf 85' lang='lat' dir='ltr'><strong>perlecta</strong></span> <span class='ocrx_word' id='word_1_174' title='bbox 1085 2411 1144 2467; x_wconf 90' lang='lat' dir='ltr'><strong>est.</strong></span> <span class='ocrx_word' id='word_1_175' title='bbox 1191 2401 1239 2470; x_wconf 82' lang='lat' dir='ltr'><strong><em>Cf.</em></strong></span> <span class='ocrx_word' id='word_1_176' title='bbox 1261 2402 1317 2468; x_wconf 87' lang='lat' dir='ltr'><strong>lih.</strong></span> <span class='ocrx_word' id='word_1_177' title='bbox 1339 2404 1395 2466; x_wconf 88' lang='lat' dir='ltr'><strong><em>IX.</em></strong></span> <span class='ocrx_word' id='word_1_178' title='bbox 1420 2423 1456 2485; x_wconf 91' lang='lat' dir='ltr'><strong><em>p.</em></strong></span> <span class='ocrx_word' id='word_1_179' title='bbox 1480 2405 1553 2478; x_wconf 84' lang='lat'><strong>587,</strong></span> 
     </span>
     <span class='ocr_line' id='line_1_21' title="bbox 367 2499 1552 2594; baseline 0.002 -26"><span class='ocrx_word' id='word_1_180' title='bbox 367 2508 406 2569; x_wconf 81' lang='lat' dir='ltr'><strong><em>Il.</em></strong></span> <span class='ocrx_word' id='word_1_181' title='bbox 452 2499 554 2569; x_wconf 85' lang='grc' dir='ltr'><strong><em>Κατά</em></strong></span> <span class='ocrx_word' id='word_1_182' title='bbox 577 2505 613 2568; x_wconf 86' lang='grc' dir='ltr'><strong><em>δέ</em></strong></span> <span class='ocrx_word' id='word_1_183' title='bbox 633 2499 775 2589; x_wconf 78' lang='grc' dir='ltr'><strong><em>δύναμιν</em></strong></span> <span class='ocrx_word' id='word_1_184' title='bbox 803 2508 875 2570; x_wconf 82' lang='grc' dir='ltr'><strong><em>καί</em></strong></span> <span class='ocrx_word' id='word_1_185' title='bbox 896 2505 1046 2594; x_wconf 88' lang='grc' dir='ltr'><strong><em>τρίτην</em></strong></span> <span class='ocrx_word' id='word_1_186' title='bbox 1074 2499 1216 2585; x_wconf 82' lang='grc' dir='ltr'><strong><em>αὔξην,</em></strong></span> <span class='ocrx_word' id='word_1_187' title='bbox 1244 2505 1346 2590; x_wconf 83' lang='grc' dir='ltr'><strong><em>δῆλον</em></strong></span> <span class='ocrx_word' id='word_1_188' title='bbox 1375 2501 1437 2590; x_wconf 86' lang='grc' dir='ltr'><strong><em>δη,</em></strong></span> <span class='ocrx_word' id='word_1_189' title='bbox 1472 2501 1552 2570; x_wconf 88' lang='grc' dir='ltr'><strong><em>ἀπό-</em></strong></span> 
     </span>
     <span class='ocr_line' id='line_1_22' title="bbox 368 2597 1555 2698; baseline 0 -25"><span class='ocrx_word' id='word_1_190' title='bbox 368 2630 487 2674; x_wconf 88' lang='grc' dir='ltr'><strong><em>στασιν</em></strong></span> <span class='ocrx_word' id='word_1_191' title='bbox 501 2597 581 2687; x_wconf 81' lang='grc' dir='ltr'><strong><em>ὅσην</em></strong></span> <span class='ocrx_word' id='word_1_192' title='bbox 595 2601 788 2698; x_wconf 82' lang='grc' dir='ltr'><strong><em>ἀφεστηκὼς</em></strong></span> <span class='ocrx_word' id='word_1_193' title='bbox 802 2607 957 2691; x_wconf 86' lang='grc' dir='ltr'><strong><em>γίγνεται.</em></strong></span> <span class='ocrx_word' id='word_1_194' title='bbox 1003 2607 1129 2691; x_wconf 79' lang='grc' dir='ltr'><strong><em>Δήλου,</em></strong></span> <span class='ocrx_word' id='word_1_195' title='bbox 1151 2605 1226 2698; x_wconf 82' lang='grc' dir='ltr'><strong><em>ἔφη,</em></strong></span> <span class='ocrx_word' id='word_1_196' title='bbox 1249 2606 1295 2698; x_wconf 75' lang='grc' dir='ltr'><strong><em>τῷ</em></strong></span> <span class='ocrx_word' id='word_1_197' title='bbox 1313 2631 1349 2692; x_wconf 89' lang='grc' dir='ltr'><strong><em>γε</em></strong></span> <span class='ocrx_word' id='word_1_198' title='bbox 1364 2608 1555 2698; x_wconf 73' lang='grc' dir='ltr'><strong><em>λογιστικῷ.</em></strong></span> 
     </span>
    </p>
   </div>
   <div class='ocr_carea' id='block_1_9' title="bbox 367 2699 1634 3011">
    <p class='ocr_par' dir='ltr' id='par_1_9' title="bbox 367 2699 1634 3011">
     <span class='ocr_line' id='line_1_23' title="bbox 371 2699 1634 2802; baseline 0 -26"><span class='ocrx_word' id='word_1_199' title='bbox 371 2705 498 2776; x_wconf 77' lang='grc' dir='ltr'><strong><em>Οὐκοῦν</em></strong></span> <span class='ocrx_word' id='word_1_200' title='bbox 520 2704 576 2774; x_wconf 88' lang='grc' dir='ltr'><strong><em>ἐάν</em></strong></span> <span class='ocrx_word' id='word_1_201' title='bbox 597 2733 647 2786; x_wconf 85' lang='grc' dir='ltr'><strong><em>τις</em></strong></span> <span class='ocrx_word' id='word_1_202' title='bbox 667 2710 905 2802; x_wconf 78' lang='grc' dir='ltr'><strong><em>μεταστρέψας</em></strong></span> <span class='ocrx_word' id='word_1_203' title='bbox 926 2705 1077 2800; x_wconf 73' lang='grc' dir='ltr'><strong><em>ἀληθείᾳ</em></strong></span> <span class='ocrx_word' id='word_1_204' title='bbox 1096 2703 1221 2794; x_wconf 78' lang='grc' dir='ltr'><strong><em>ἡδονῆς</em></strong></span> <span class='ocrx_word' id='word_1_205' title='bbox 1247 2705 1473 2794; x_wconf 77' lang='grc' dir='ltr'><strong><em>τὸνβασιλέα</em></strong></span> <span class='ocrx_word' id='word_1_206' title='bbox 1502 2711 1556 2776; x_wconf 80' lang='grc' dir='ltr'><strong><em>τοῦ</em></strong></span> <span class='ocrx_word' id='word_1_207' title='bbox 1633 2699 1634 2746; x_wconf 54' lang='lat'><em>³</em></span> 
     </span>
     <span class='ocr_line' id='line_1_24' title="bbox 368 2803 1634 2906; baseline 0.002 -28"><span class='ocrx_word' id='word_1_208' title='bbox 368 2806 531 2898; x_wconf 82' lang='grc' dir='ltr'><strong><em>τυράννου</em></strong></span> <span class='ocrx_word' id='word_1_209' title='bbox 546 2807 760 2902; x_wconf 79' lang='grc' dir='ltr'><strong><em>ἀφεστηκότα</em></strong></span> <span class='ocrx_word' id='word_1_210' title='bbox 774 2815 851 2906; x_wconf 77' lang='grc' dir='ltr'><strong><em>λέγῃ</em></strong></span> <span class='ocrx_word' id='word_1_211' title='bbox 867 2803 947 2880; x_wconf 80' lang='grc' dir='ltr'><strong><em>ὅσον</em></strong></span> <span class='ocrx_word' id='word_1_212' title='bbox 962 2808 1161 2904; x_wconf 82' lang='grc' dir='ltr'><strong><em>ἀφέστηκεν,</em></strong></span> <span class='ocrx_word' id='word_1_213' title='bbox 1183 2811 1555 2880; x_wconf 80' lang='grc' dir='ltr'><strong><em>ἐννεακαιεικοσικαιεπ-</em></strong></span> <span class='ocrx_word' id='word_1_214' title='bbox 1633 2843 1634 2848; x_wconf 59' lang='grc'>’</span> 
     </span>
     <span class='ocr_line' id='line_1_25' title="bbox 367 2906 1634 3011; baseline 0.001 -30"><span class='ocrx_word' id='word_1_215' title='bbox 367 2909 690 2993; x_wconf 84' lang='grc' dir='ltr'><strong><em>τακοσιοπλασιάκις.</em></strong></span> <span class='ocrx_word' id='word_1_216' title='bbox 704 2906 801 2999; x_wconf 80' lang='grc' dir='ltr'><strong><em>ἥδιον</em></strong></span> <span class='ocrx_word' id='word_1_217' title='bbox 816 2910 919 2982; x_wconf 81' lang='grc' dir='ltr'><strong><em>αὐτόν</em></strong></span> <span class='ocrx_word' id='word_1_218' title='bbox 940 2915 1045 2996; x_wconf 75' lang='grc' dir='ltr'><strong><em>ζῶντα</em></strong></span> <span class='ocrx_word' id='word_1_219' title='bbox 1067 2909 1197 3005; x_wconf 84' lang='grc' dir='ltr'><strong><em>εὑρήσει</em></strong></span> <span class='ocrx_word' id='word_1_220' title='bbox 1219 2915 1489 3010; x_wconf 74' lang='grc' dir='ltr'><strong><em>τελεωθεῖση</em></strong></span> <span class='ocrx_word' id='word_1_221' title='bbox 1511 2918 1555 3011; x_wconf 74' lang='grc' dir='ltr'><strong><em>τῇ</em></strong></span> <span class='ocrx_word' id='word_1_222' title='bbox 1633 2945 1634 2950; x_wconf 56' lang='grc'>’</span> 
     </span>
    </p>
   </div>
   <div class='ocr_carea' id='block_1_10' title="bbox 295 3011 1554 3113">
    <p class='ocr_par' dir='ltr' id='par_1_10' title="bbox 295 3011 1554 3113">
     <span class='ocr_line' id='line_1_26' title="bbox 295 3011 1554 3113; baseline 0.002 -28"><span class='ocrx_word' id='word_1_223' title='bbox 295 3079 298 3085; x_wconf 93' lang='grc'><strong><em>,</em></strong></span> <span class='ocrx_word' id='word_1_224' title='bbox 366 3012 707 3086; x_wconf 78' lang='grc' dir='ltr'><strong><em>πολλαπλασιώσει</em></strong></span> <span class='ocrx_word' id='word_1_225' title='bbox 717 3067 726 3097; x_wconf 93' lang='grc'><strong><em>,</em></strong></span> <span class='ocrx_word' id='word_1_226' title='bbox 749 3013 807 3084; x_wconf 87' lang='grc' dir='ltr'><strong><em>τὸν</em></strong></span> <span class='ocrx_word' id='word_1_227' title='bbox 828 3021 864 3084; x_wconf 78' lang='grc' dir='ltr'><strong><em>δὲ</em></strong></span> <span class='ocrx_word' id='word_1_228' title='bbox 885 3011 1045 3107; x_wconf 89' lang='grc' dir='ltr'><strong><em>τῦραννον</em></strong></span> <span class='ocrx_word' id='word_1_229' title='bbox 1057 3013 1272 3108; x_wconf 77' lang='grc' dir='ltr'><strong><em>ἀνιαρότερον</em></strong></span> <span class='ocrx_word' id='word_1_230' title='bbox 1288 3017 1327 3112; x_wconf 75' lang='grc' dir='ltr'><strong><em>τῇ</em></strong></span> <span class='ocrx_word' id='word_1_231' title='bbox 1346 3013 1431 3112; x_wconf 78' lang='grc' dir='ltr'><strong><em>αὐτῇ</em></strong></span> <span class='ocrx_word' id='word_1_232' title='bbox 1449 3015 1554 3113; x_wconf 78' lang='grc' dir='ltr'><strong><em>ταύτῃ</em></strong></span> 
     </span>
    </p>
   </div>
   <div class='ocr_carea' id='block_1_11' title="bbox 364 3117 1634 3310">
    <p class='ocr_par' dir='ltr' id='par_1_11' title="bbox 364 3117 1634 3310">
     <span class='ocr_line' id='line_1_27' title="bbox 365 3117 1634 3213; baseline -0.001 -23"><span class='ocrx_word' id='word_1_233' title='bbox 365 3117 558 3190; x_wconf 80' lang='grc' dir='ltr'><strong><em>ἀποστάσει.</em></strong></span> <span class='ocrx_word' id='word_1_234' title='bbox 600 3123 649 3188; x_wconf 82' lang='grc' dir='ltr'><strong><em>λδ</em></strong></span> <span class='ocrx_word' id='word_1_235' title='bbox 671 3143 765 3206; x_wconf 87' lang='lat' dir='ltr'><strong>quem</strong></span> <span class='ocrx_word' id='word_1_236' title='bbox 786 3121 893 3188; x_wconf 86' lang='lat' dir='ltr'><strong>locum</strong></span> <span class='ocrx_word' id='word_1_237' title='bbox 915 3122 1126 3188; x_wconf 88' lang='lat' dir='ltr'><strong>Schneiderus</strong></span> <span class='ocrx_word' id='word_1_238' title='bbox 1146 3122 1209 3188; x_wconf 86' lang='lat' dir='ltr'><strong>ita:</strong></span> <span class='ocrx_word' id='word_1_239' title='bbox 1236 3122 1288 3186; x_wconf 84' lang='lat' dir='ltr'><strong><em>»in</em></strong></span> <span class='ocrx_word' id='word_1_240' title='bbox 1304 3119 1423 3206; x_wconf 89' lang='lat' dir='ltr'><strong>quihus</strong></span> <span class='ocrx_word' id='word_1_241' title='bbox 1437 3124 1554 3213; x_wconf 89' lang='grc' dir='ltr'><strong><em>τρίτην</em></strong></span> <span class='ocrx_word' id='word_1_242' title='bbox 1633 3129 1634 3150; x_wconf 67' lang='grc'>’</span> 
     </span>
     <span class='ocr_line' id='line_1_28' title="bbox 364 3220 1634 3310; baseline 0 -18"><span class='ocrx_word' id='word_1_243' title='bbox 364 3224 465 3308; x_wconf 84' lang='grc' dir='ltr'><strong><em>αὔξην</em></strong></span> <span class='ocrx_word' id='word_1_244' title='bbox 487 3245 547 3309; x_wconf 87' lang='lat' dir='ltr'><strong>per</strong></span> <span class='ocrx_word' id='word_1_245' title='bbox 566 3226 758 3310; x_wconf 78' lang='lat' dir='ltr'><strong>epexegesin</strong></span> <span class='ocrx_word' id='word_1_246' title='bbox 776 3227 817 3292; x_wconf 82' lang='lat' dir='ltr'><strong><em>cd</em></strong></span> <span class='ocrx_word' id='word_1_247' title='bbox 839 3220 977 3310; x_wconf 81' lang='grc' dir='ltr'><strong><em>δύναμιν</em></strong></span> <span class='ocrx_word' id='word_1_248' title='bbox 999 3225 1141 3290; x_wconf 88' lang='lat' dir='ltr'><strong>additum</strong></span> <span class='ocrx_word' id='word_1_249' title='bbox 1164 3235 1220 3290; x_wconf 85' lang='lat' dir='ltr'><strong>est.</strong></span> <span class='ocrx_word' id='word_1_250' title='bbox 1265 3224 1391 3290; x_wconf 86' lang='lat' dir='ltr'><strong>Scilicet</strong></span> <span class='ocrx_word' id='word_1_251' title='bbox 1412 3229 1552 3309; x_wconf 81' lang='lat' dir='ltr'><strong>quadra·</strong></span> <span class='ocrx_word' id='word_1_252' title='bbox 1633 3251 1634 3278; x_wconf 69' lang='grc' dir='ltr'><strong><em>ι</em></strong></span> 
     </span>
    </p>
   </div>
   <div class='ocr_carea' id='block_1_12' title="bbox 362 3322 1553 4032">
    <p class='ocr_par' dir='ltr' id='par_1_12' title="bbox 362 3322 1553 4032">
     <span class='ocr_line' id='line_1_29' title="bbox 364 3322 1552 3416; baseline -0.003 -20"><span class='ocrx_word' id='word_1_253' title='bbox 364 3339 431 3398; x_wconf 89' lang='lat' dir='ltr'><strong>tum</strong></span> <span class='ocrx_word' id='word_1_254' title='bbox 453 3349 580 3416; x_wconf 84' lang='lat' dir='ltr'><strong>quoque</strong></span> <span class='ocrx_word' id='word_1_255' title='bbox 602 3325 688 3394; x_wconf 83' lang='grc' dir='ltr'><strong><em>κατὰ</em></strong></span> <span class='ocrx_word' id='word_1_256' title='bbox 712 3322 852 3412; x_wconf 78' lang='grc' dir='ltr'><strong><em>δύναμιν</em></strong></span> <span class='ocrx_word' id='word_1_257' title='bbox 876 3328 1013 3403; x_wconf 82' lang='lat' dir='ltr'><strong>exsistlt;</strong></span> <span class='ocrx_word' id='word_1_258' title='bbox 1045 3328 1135 3395; x_wconf 90' lang='lat' dir='ltr'><strong>cuius</strong></span> <span class='ocrx_word' id='word_1_259' title='bbox 1156 3327 1276 3394; x_wconf 87' lang='lat' dir='ltr'><strong>montio</strong></span> <span class='ocrx_word' id='word_1_260' title='bbox 1305 3328 1418 3392; x_wconf 89' lang='lat' dir='ltr'><strong>sinon</strong></span> <span class='ocrx_word' id='word_1_261' title='bbox 1443 3331 1552 3394; x_wconf 86' lang='lat' dir='ltr'><strong>obiter</strong></span> 
     </span>
     <span class='ocr_line' id='line_1_30' title="bbox 365 3425 1552 3516; baseline -0.002 -18"><span class='ocrx_word' id='word_1_262' title='bbox 365 3441 485 3500; x_wconf 85' lang='lat' dir='ltr'><strong>tantum</strong></span> <span class='ocrx_word' id='word_1_263' title='bbox 506 3430 588 3497; x_wconf 84' lang='lat' dir='ltr'><strong>lacta</strong></span> <span class='ocrx_word' id='word_1_264' title='bbox 610 3438 708 3506; x_wconf 85' lang='lat' dir='ltr'><strong>essct,</strong></span> <span class='ocrx_word' id='word_1_265' title='bbox 730 3428 801 3496; x_wconf 86' lang='lat' dir='ltr'><strong>ficri</strong></span> <span class='ocrx_word' id='word_1_266' title='bbox 823 3433 868 3496; x_wconf 88' lang='lat' dir='ltr'><strong>sic</strong></span> <span class='ocrx_word' id='word_1_267' title='bbox 889 3440 1030 3516; x_wconf 88' lang='lat' dir='ltr'><strong>poterat,</strong></span> <span class='ocrx_word' id='word_1_268' title='bbox 1055 3439 1090 3496; x_wconf 92' lang='lat' dir='ltr'><strong>ut</strong></span> <span class='ocrx_word' id='word_1_269' title='bbox 1105 3427 1191 3496; x_wconf 74' lang='grc' dir='ltr'><strong><em>κατὰ</em></strong></span> <span class='ocrx_word' id='word_1_270' title='bbox 1206 3425 1347 3515; x_wconf 75' lang='grc' dir='ltr'><strong><em>δύναμιν</em></strong></span> <span class='ocrx_word' id='word_1_271' title='bbox 1363 3435 1419 3494; x_wconf 84' lang='grc' dir='ltr'><strong><em>καὶ</em></strong></span> <span class='ocrx_word' id='word_1_272' title='bbox 1443 3433 1552 3498; x_wconf 77' lang='grc' dir='ltr'><strong><em>δευτέ-</em></strong></span> 
     </span>
     <span class='ocr_line' id='line_1_31' title="bbox 365 3531 1553 3622; baseline -0.005 -20"><span class='ocrx_word' id='word_1_273' title='bbox 365 3561 428 3622; x_wconf 91' lang='grc' dir='ltr'><strong><em>ραν</em></strong></span> <span class='ocrx_word' id='word_1_274' title='bbox 439 3532 540 3616; x_wconf 84' lang='grc' dir='ltr'><strong><em>αὔξην</em></strong></span> <span class='ocrx_word' id='word_1_275' title='bbox 551 3532 630 3601; x_wconf 89' lang='lat' dir='ltr'><strong>criri</strong></span> <span class='ocrx_word' id='word_1_276' title='bbox 642 3556 682 3598; x_wconf 85' lang='lat' dir='ltr'><strong>ex</strong></span> <span class='ocrx_word' id='word_1_277' title='bbox 695 3533 899 3618; x_wconf 78' lang='lat' dir='ltr'><strong>longitudinis</strong></span> <span class='ocrx_word' id='word_1_278' title='bbox 914 3554 1046 3598; x_wconf 89' lang='lat' dir='ltr'><strong>numero</strong></span> <span class='ocrx_word' id='word_1_279' title='bbox 1062 3533 1232 3599; x_wconf 89' lang='lat' dir='ltr'><strong>diceretur.</strong></span> <span class='ocrx_word' id='word_1_280' title='bbox 1268 3536 1358 3599; x_wconf 89' lang='lat' dir='ltr'><strong>Nunc</strong></span> <span class='ocrx_word' id='word_1_281' title='bbox 1372 3534 1467 3618; x_wconf 83' lang='lat' dir='ltr'><strong>quasi</strong></span> <span class='ocrx_word' id='word_1_282' title='bbox 1480 3531 1553 3597; x_wconf 90' lang='lat' dir='ltr'><strong>cubi</strong></span> 
     </span>
     <span class='ocr_line' id='line_1_32' title="bbox 366 3633 1552 3720; baseline -0.003 -16"><span class='ocrx_word' id='word_1_283' title='bbox 366 3637 492 3705; x_wconf 88' lang='lat' dir='ltr'><strong>demum</strong></span> <span class='ocrx_word' id='word_1_284' title='bbox 503 3642 536 3704; x_wconf 92' lang='lat' dir='ltr'><strong><em>in</em></strong></span> <span class='ocrx_word' id='word_1_285' title='bbox 548 3635 715 3704; x_wconf 82' lang='lat' dir='ltr'><strong>effectione</strong></span> <span class='ocrx_word' id='word_1_286' title='bbox 726 3636 901 3720; x_wconf 88' lang='lat' dir='ltr'><strong>potentiam</strong></span> <span class='ocrx_word' id='word_1_287' title='bbox 913 3657 1002 3702; x_wconf 89' lang='lat' dir='ltr'><strong>suam</strong></span> <span class='ocrx_word' id='word_1_288' title='bbox 1013 3636 1178 3719; x_wconf 81' lang='lat' dir='ltr'><strong>longitudo</strong></span> <span class='ocrx_word' id='word_1_289' title='bbox 1186 3644 1320 3708; x_wconf 83' lang='lat' dir='ltr'><strong>exserat,</strong></span> <span class='ocrx_word' id='word_1_290' title='bbox 1336 3633 1409 3700; x_wconf 89' lang='lat' dir='ltr'><strong>hinc</strong></span> <span class='ocrx_word' id='word_1_291' title='bbox 1419 3655 1552 3702; x_wconf 83' lang='lat' dir='ltr'><strong>nascens</strong></span> 
     </span>
     <span class='ocr_line' id='line_1_33' title="bbox 366 3735 1552 3829; baseline 0 -25"><span class='ocrx_word' id='word_1_292' title='bbox 366 3736 644 3808; x_wconf 62' lang='lat' dir='ltr'><strong>differentiorem&amp;</strong></span> <span class='ocrx_word' id='word_1_293' title='bbox 659 3735 866 3826; x_wconf 65' lang='lat' dir='ltr'><strong>adsaporet</strong></span> <span class='ocrx_word' id='word_1_294' title='bbox 885 3742 994 3829; x_wconf 87' lang='grc' dir='ltr'><strong><em>τρίτην</em></strong></span> <span class='ocrx_word' id='word_1_295' title='bbox 1007 3736 1108 3819; x_wconf 79' lang='grc' dir='ltr'><strong><em>αὔξην</em></strong></span> <span class='ocrx_word' id='word_1_296' title='bbox 1125 3738 1211 3807; x_wconf 75' lang='lat' dir='ltr'><strong>nesci</strong></span> <span class='ocrx_word' id='word_1_297' title='bbox 1233 3739 1381 3804; x_wconf 77' lang='lat' dir='ltr'><strong>dicitnr«</strong></span> <span class='ocrx_word' id='word_1_298' title='bbox 1430 3737 1479 3802; x_wconf 89' lang='lat' dir='ltr'><strong><em>Cf.</em></strong></span> <span class='ocrx_word' id='word_1_299' title='bbox 1497 3738 1552 3804; x_wconf 86' lang='lat' dir='ltr'><strong>lib.</strong></span> 
     </span>
     <span class='ocr_line' id='line_1_34' title="bbox 365 3838 1553 3931; baseline 0.002 -27"><span class='ocrx_word' id='word_1_300' title='bbox 365 3842 476 3926; x_wconf 86' lang='lat' dir='ltr'><strong>v11.p.</strong></span> <span class='ocrx_word' id='word_1_301' title='bbox 490 3844 563 3910; x_wconf 76' lang='lat'><strong>528.</strong></span> <span class='ocrx_word' id='word_1_302' title='bbox 580 3845 626 3910; x_wconf 84' lang='lat' dir='ltr'><strong>St.</strong></span> <span class='ocrx_word' id='word_1_303' title='bbox 664 3845 774 3929; x_wconf 83' lang='lat' dir='ltr'><strong>Itaque</strong></span> <span class='ocrx_word' id='word_1_304' title='bbox 789 3845 881 3931; x_wconf 82' lang='grc' dir='ltr'><strong><em>τρίτη</em></strong></span> <span class='ocrx_word' id='word_1_305' title='bbox 895 3838 976 3922; x_wconf 80' lang='grc' dir='ltr'><strong><em>αὔξη</em></strong></span> <span class='ocrx_word' id='word_1_306' title='bbox 992 3851 1023 3906; x_wconf 83' lang='lat' dir='ltr'><strong><em>et</em></strong></span> <span class='ocrx_word' id='word_1_307' title='bbox 1039 3845 1241 3908; x_wconf 73' lang='grc' dir='ltr'><strong><em>τελεωθεὶσα</em></strong></span> <span class='ocrx_word' id='word_1_308' title='bbox 1255 3842 1553 3917; x_wconf 84' lang='grc' dir='ltr'><strong><em>πολλαπλασίωσις</em></strong></span> 
     </span>
     <span class='ocr_line' id='line_1_35' title="bbox 362 3942 1552 4032; baseline -0.003 -20"><span class='ocrx_word' id='word_1_309' title='bbox 362 3943 476 4012; x_wconf 82' lang='grc' dir='ltr'><strong><em>οεδειυ</em></strong></span> <span class='ocrx_word' id='word_1_310' title='bbox 497 3958 583 4021; x_wconf 86' lang='lat' dir='ltr'><strong>sunt,</strong></span> <span class='ocrx_word' id='word_1_311' title='bbox 607 3956 638 4012; x_wconf 89' lang='lat' dir='ltr'><strong><em>et</em></strong></span> <span class='ocrx_word' id='word_1_312' title='bbox 648 3947 772 4032; x_wconf 80' lang='lat' dir='ltr'><strong>tyranni</strong></span> <span class='ocrx_word' id='word_1_313' title='bbox 794 3946 923 4011; x_wconf 89' lang='lat' dir='ltr'><strong>miseria</strong></span> <span class='ocrx_word' id='word_1_314' title='bbox 937 3954 1004 4012; x_wconf 88' lang='lat' dir='ltr'><strong>tum</strong></span> <span class='ocrx_word' id='word_1_315' title='bbox 1017 3947 1159 4011; x_wconf 87' lang='lat' dir='ltr'><strong>numeris</strong></span> <span class='ocrx_word' id='word_1_316' title='bbox 1173 3943 1267 4030; x_wconf 88' lang='lat' dir='ltr'><strong>plene</strong></span> <span class='ocrx_word' id='word_1_317' title='bbox 1290 3942 1501 4028; x_wconf 83' lang='lat' dir='ltr'><strong>exprimitur,</strong></span> <span class='ocrx_word' id='word_1_318' title='bbox 1527 3944 1552 4008; x_wconf 90' lang='lat' dir='ltr'><strong>si</strong></span> 
     </span>
    </p>
   </div>
   <div class='ocr_carea' id='block_1_13' title="bbox 362 4045 1634 4133">
    <p class='ocr_par' dir='ltr' id='par_1_13' title="bbox 362 4045 1634 4133">
     <span class='ocr_line' id='line_1_36' title="bbox 362 4045 1634 4133; baseline -0.003 -17"><span class='ocrx_word' id='word_1_319' title='bbox 362 4047 569 4133; x_wconf 81' lang='lat' dir='ltr'><strong>longitudinis</strong></span> <span class='ocrx_word' id='word_1_320' title='bbox 589 4045 747 4116; x_wconf 87' lang='lat' dir='ltr'><strong>numerus</strong></span> <span class='ocrx_word' id='word_1_321' title='bbox 763 4060 810 4112; x_wconf 85' lang='lat' dir='ltr'><strong><em>ter</em></strong></span> <span class='ocrx_word' id='word_1_322' title='bbox 831 4057 937 4113; x_wconf 75' lang='lat' dir='ltr'><strong>acutus</strong></span> <span class='ocrx_word' id='word_1_323' title='bbox 954 4050 1058 4132; x_wconf 58' lang='lat' dir='ltr'><strong>fucrit.</strong></span> <span class='ocrx_word' id='word_1_324' title='bbox 1101 4050 1149 4112; x_wconf 85' lang='lat' dir='ltr'><strong>Ita</strong></span> <span class='ocrx_word' id='word_1_325' title='bbox 1176 4046 1275 4131; x_wconf 84' lang='lat' dir='ltr'><strong>igitur</strong></span> <span class='ocrx_word' id='word_1_326' title='bbox 1306 4048 1401 4112; x_wconf 89' lang='lat' dir='ltr'><strong>ctiam</strong></span> <span class='ocrx_word' id='word_1_327' title='bbox 1423 4049 1554 4114; x_wconf 79' lang='lat' dir='ltr'><strong>diversa</strong></span> <span class='ocrx_word' id='word_1_328' title='bbox 1633 4109 1634 4120; x_wconf 18' lang='lat' dir='ltr'><strong>ff</strong></span> 
     </span>
    </p>
   </div>
   <div class='ocr_carea' id='block_1_14' title="bbox 362 4148 1553 4341">
    <p class='ocr_par' dir='ltr' id='par_1_14' title="bbox 362 4148 1553 4341">
     <span class='ocr_line' id='line_1_37' title="bbox 362 4148 1549 4236; baseline -0.003 -18"><span class='ocrx_word' id='word_1_329' title='bbox 362 4151 526 4219; x_wconf 85' lang='lat' dir='ltr'><strong>civitatum</strong></span> <span class='ocrx_word' id='word_1_330' title='bbox 548 4171 681 4234; x_wconf 80' lang='lat' dir='ltr'><strong>genera.</strong></span> <span class='ocrx_word' id='word_1_331' title='bbox 703 4153 896 4225; x_wconf 84' lang='lat' dir='ltr'><strong>harmonias,</strong></span> <span class='ocrx_word' id='word_1_332' title='bbox 919 4153 959 4216; x_wconf 89' lang='lat' dir='ltr'><strong><em>ad</em></strong></span> <span class='ocrx_word' id='word_1_333' title='bbox 981 4149 1077 4218; x_wconf 86' lang='lat' dir='ltr'><strong>linem</strong></span> <span class='ocrx_word' id='word_1_334' title='bbox 1097 4169 1190 4217; x_wconf 91' lang='lat' dir='ltr'><strong>suum</strong></span> <span class='ocrx_word' id='word_1_335' title='bbox 1208 4148 1390 4236; x_wconf 83' lang='lat' dir='ltr'><strong>pervenisse</strong></span> <span class='ocrx_word' id='word_1_336' title='bbox 1404 4157 1549 4228; x_wconf 83' lang='lat' dir='ltr'><strong>statuen-</strong></span> 
     </span>
     <span class='ocr_line' id='line_1_38' title="bbox 363 4249 1553 4341; baseline -0.002 -21"><span class='ocrx_word' id='word_1_337' title='bbox 363 4253 456 4334; x_wconf 83' lang='lat' dir='ltr'><strong>dum,</strong></span> <span class='ocrx_word' id='word_1_338' title='bbox 485 4253 513 4322; x_wconf 86' lang='lat' dir='ltr'><strong>si</strong></span> <span class='ocrx_word' id='word_1_339' title='bbox 539 4252 702 4340; x_wconf 87' lang='grc' dir='ltr'><strong><em>ἐπίτριτος</em></strong></span> <span class='ocrx_word' id='word_1_340' title='bbox 722 4251 865 4339; x_wconf 71' lang='grc' dir='ltr'><strong><em>πυθμήν</em></strong></span> <span class='ocrx_word' id='word_1_341' title='bbox 887 4249 1031 4341; x_wconf 75' lang='grc' dir='ltr'><strong><em>πεμπάδι</em></strong></span> <span class='ocrx_word' id='word_1_342' title='bbox 1053 4254 1200 4339; x_wconf 82' lang='grc' dir='ltr'><strong><em>συζυγεὶς</em></strong></span> <span class='ocrx_word' id='word_1_343' title='bbox 1227 4262 1276 4318; x_wconf 88' lang='lat' dir='ltr'><strong><em>ter</em></strong></span> <span class='ocrx_word' id='word_1_344' title='bbox 1302 4260 1413 4321; x_wconf 87' lang='lat' dir='ltr'><strong>auctus</strong></span> <span class='ocrx_word' id='word_1_345' title='bbox 1436 4251 1553 4326; x_wconf 84' lang='lat' dir='ltr'><strong>fuerit,</strong></span> 
     </span>
    </p>
   </div>
   <div class='ocr_carea' id='block_1_15' title="bbox 0 0 1652 5232">
    <p class='ocr_par' dir='ltr' id='par_1_15' title="bbox 0 0 1652 5232">
     <span class='ocr_line' id='line_1_39' title="bbox 0 0 1652 5232; baseline 0 4"><span class='ocrx_word' id='word_1_346' title='bbox 0 0 1652 5232; x_wconf 95' lang='lat' dir='ltr'><strong><em> </em></strong></span> 
     </span>
    </p>
   </div>
  </div>
 </body>
</html>
