3298 5238
869 381 1014 456 ..Nm
1055 415 1099 432 .-

395 539 586 619 αοτλνᾴλίτ,
622 540 849 624 ptidusetiam
878 543 1025 606 oetotilats
1052 542 1289 613 eradieudias'at
1325 541 1361 618 oi
1390 537 1569 629 σωτῆρες

397 644 730 724 τῆςπολιτιιάς,
759 647 817 710 hos
838 665 967 732 quoque
990 665 1165 721 sermones,
1200 653 1235 712 ut
1252 643 1375 711 -uivium
1399 645 1501 709 moles
1530 647 1568 709 de

390 745 555 824 montibus
571 748 824 836 ,praecipitantes
852 750 988 814 maiores
1014 768 1139 835 semper
1163 747 1262 814 moles
1279 767 1393 828 ,seeum
1419 750 1567 824 trahunt,

391 850 528 935 remiis
550 871 631 936 quae
657 848 695 916 ab
717 852 788 938 ipso
808 854 966 937 postulata
987 861 1097 928 erent,
1129 859 1162 918 et
1186 873 1267 938 quae
1289 853 1408 918 evitare
1432 849 1571 916 voluerit

286 1019 294 1038 ,
397 958 570 1040 cohaerere
585 974 726 1036 monens,
752 975 821 1019 eam
844 953 886 1020 ob
908 975 1047 1034 causam,
1069 955 1213 1021 utetiam
1227 955 1261 1022 iu
1275 956 1336 1030 iris,
1358 973 1440 1040 quae
1460 961 1570 1038 aperte

392 1055 590 1141 reipublicae
623 1079 719 1128 eausa
750 1056 833 1124 dicta
865 1067 954 1132 suut,
988 1079 1024 1123 ac
1052 1079 1093 1124 ue
1119 1057 1276 1143 postulata
1304 1058 1432 1142 quidem
1459 1064 1569 1134 eraut,

396 1159 645 1245 digressionibus
669 1161 716 1230 uli
735 1161 917 1242 videretur;
948 1181 1009 1246 qua
1029 1183 1064 1227 re
1082 1161 1189 1239 fiebat,
1213 1169 1249 1228 ut
1266 1169 1371 1226 tamen
1393 1163 1433 1225 de
1451 1160 1572 1224 iustitia

392 1264 570 1350 praecipue
601 1284 708 1350 sermo
738 1285 807 1332 esse
835 1264 1008 1332 videretur.
1064 1271 1127 1332 Nec
1155 1286 1230 1333 vero
1263 1266 1315 1349 agi
1342 1263 1401 1330 hoc
1428 1263 1504 1330 loco
1534 1267 1571 1330 de

392 1370 463 1452 piro
484 1371 590 1452 iusto,
617 1371 667 1434 red
687 1370 722 1434 de
743 1371 868 1434 manmit
881 1371 1031 1452 perfectae
1044 1371 1188 1456 ¹civitatis
1215 1369 1457 1453 meqistrotilas,
1494 1388 1572 1433 uum

396 1474 466 1562 quis
487 1470 633 1538 dubitare
654 1472 788 1556 poterii,
817 1474 871 1559 qui
890 1474 950 1539 ista
972 1473 1103 1556 legerit:
1134 1473 1206 1541 τίνα
1229 1467 1352 1562 τρόπον
1373 1475 1406 1538 οἱ
1427 1473 1572 1559 σωτῆρες

394 1575 562 1662 ἐνέσονται
590 1575 648 1658 τῆς
677 1575 859 1655 πολιτείας,
889 1583 921 1640 τλ
953 1571 1054 1644 Οὐδὲν
1082 1572 1120 1642 τὸ
1146 1566 1255 1668 σοφόν
1282 1599 1340 1661 μοι
1363 1576 1488 1660 ἐγένετο
1517 1572 1571 1656 τὴν

390 1679 459 1748 ,τῶν
480 1673 647 1768 ἀρχόντων
669 1673 875 1746 κατάστασιν
889 1673 1122 1768 παραλιπόντι,
1142 1687 1176 1744 et
1195 1673 1239 1744 τὸ
1261 1681 1303 1744 δὲ
1326 1679 1404 1745 τῶν
1425 1673 1572 1766 ἀρχόν-

395 1806 474 1850 τιον
496 1773 627 1868 ὥσπερ
649 1781 690 1866 ἐξ
710 1776 838 1870 ἀρχῆς
859 1786 1083 1869 μετελθεῖν
1105 1783 1177 1848 δεῖ.
1219 1783 1364 1864 Incipere
1388 1783 1486 1867 igitur
1514 1787 1571 1848 hoc

393 1883 466 1952 loco
484 1887 630 1954 videmus
651 1881 766 1952 uovaim
783 1884 828 1954 de
852 1885 979 1952 civitate
1000 1887 1244 1969 disputationem
1264 1907 1345 1970 quae
1363 1885 1571 1969 Reipublicae

393 2011 467 2074 pars
497 1988 672 2073 estmulto
700 1992 840 2056 maxima
865 1996 897 2054 τλ
922 1988 1135 2073 gravissima,-
1154 2010 1251 2073 quum
1275 1989 1308 2054 iu
1334 1991 1571 2074 magistratibus

394 2093 489 2182 siturp
517 2111 587 2158 esse
616 2094 798 2170 videamus,
836 2099 872 2158 ut
891 2077 973 2158 'haec
1002 2093 1180 2179 respublica
1209 2090 1272 2157 fiat.
1294 2169 1296 2175 y
1317 2091 1362 2163 ef.
1383 2113 1415 2176 p.
1437 2096 1517 2158 501.
1538 2096 1571 2162 E.

395 2197 447 2262 ed.
472 2197 518 2260 St.
562 2195 663 2263 Iidem
694 2198 789 2262 etiam
814 2197 847 2262 iu
876 2195 968 2283 culpa
995 2203 1085 2272 sunt,
1128 2194 1157 2265 si
1182 2193 1323 2282 perlecta
1354 2194 1432 2261 haee
1461 2195 1571 2262 civitas

394 2298 531 2389 declinet
550 2307 584 2364 et
606 2301 750 2384 intereat.
795 2298 841 2366 Cf.
864 2299 921 2366 lib.
945 2302 1029 2367 VIII.
1053 2320 1085 2386 p.
1108 2301 1183 2376 ste,
1206 2303 1245 2364 Ι).
1291 2301 1374 2377 Quid
1392 2298 1494 2384 igitur
1517 2302 1571 2364 mi-

393 2424 475 2478 rum,
500 2401 527 2468 si
544 2403 578 2470 iu
598 2401 656 2470 hac
676 2400 810 2470 civitatis
827 2401 1028 2490 pardelouge
1047 2403 1231 2486 gravissima
1247 2409 1280 2468 et
1296 2403 1434 2468 maxima
1452 2403 1571 2470 multus

394 2515 441 2574 est
468 2503 576 2575 elatat
619 2510 732 2573 Nonne
765 2509 817 2571 hic
845 2506 934 2590 loeus
962 2508 995 2572 iu
1024 2507 1166 2572 omnium
1195 2525 1312 2590 errruur¹
1334 2508 1427 2572 libris
1453 2509 1511 2594 qui
1534 2506 1571 2572 de

393 2607 558 2696 republica
589 2612 785 2696 scripserunt
809 2611 999 2695 praecipuus
1029 2614 1096 2674 esti
1141 2613 1186 2682 *Et
1214 2611 1296 2692 lraee
1324 2611 1453 2696 quidem
1487 2613 1571 2679 dieta

392 2722 487 2786 sunto
513 2733 586 2800 eum
606 2715 641 2780 iu
665 2713 772 2792 finem,
794 2723 834 2802 ut
856 2719 940 2782 hune
958 2715 1075 2787 locum,
1099 2711 1139 2778 de
1158 2713 1355 2799 philosophis
1378 2717 1570 2799 magistrati·

393 2819 466 2899 bus,
497 2839 569 2892 cum
588 2826 698 2885 uestra
722 2818 762 2885 de
787 2819 893 2904 operis
916 2816 980 2882 fiue
1003 2818 1158 2884 seuteulia
1183 2819 1265 2884 haue
1288 2815 1451 2884 conciliari
1476 2820 1570 2884 iutel-

391 2919 517 3008 ligatur.
558 2925 640 2988 Num
667 2925 745 3010 quid
769 2921 867 3008 igitur
889 2919 1019 2990 dubium
1045 2941 1120 2996 esse·
1138 2927 1260 3007 potest,
1287 2922 1364 3008 quiu
1386 2919 1455 2990 hoc.
1475 2942 1570 3004 omue

392 3042 473 3111 opus
498 3023 657 3114 civitatem
685 3030 824 3114 spectati
869 3026 933 3097 Cur
957 3033 1071 3102 umen,
1102 3026 1200 3094 sires
1224 3022 1393 3100 ilabebat,
1420 3045 1506 3112 quae
1532 3030 1570 3092 de

391 3129 638 3217 magistratibus·
655 3131 790 3196 dicenda
812 3131 954 3206 luerunt,
979 3131 1073 3196 lertio
1094 3126 1177 3210 libro
1203 3150 1269 3196 uou
1292 3127 1389 3214 plene
1412 3129 1569 3213 explicata

392 3237 486 3301 suut‘t
530 3234 607 3310 Cur,
634 3234 661 3298 si
681 3233 741 3300 hoc
761 3233 833 3300 loco
856 3233 995 3300 hauoda
1014 3227 1248 3319 magistratibus
1267 3233 1486 3316 quaestionem
1506 3242 1570 3298 tra·

392 3342 476 3403 ctare
500 3335 615 3414 vellet,
641 3336 675 3403 iu
697 3340 808 3404 eadem
834 3337 943 3423 priore
965 3336 1038 3407 loco
1062 3337 1183 3402 etiamsi
1210 3337 1316 3403 obiter
1333 3343 1477 3402 versatus
1501 3341 1568 3402 est?

386 3439 516 3506 Factum
548 3439 582 3505 id
613 3448 784 3529 propterea
808 3461 877 3507 esse
898 3440 1002 3526 scito,
1039 3427 1125 3526 quod
1149 3438 1289 3505 diversas
1317 3439 1435 3525 dialogi
1461 3449 1569 3524 partes

388 3540 513 3608 turbari
537 3543 649 3622 nollet,
685 3566 743 3610 uec
768 3545 969 3629 gravissimas
994 3543 1195 3629 quaestiones
1224 3546 1263 3611 de
1287 3542 1405 3609 iustitia
1435 3551 1468 3608 et
1497 3546 1569 3610 idea

389 3641 465 3712 boui
490 3647 638 3714 miseere.
672 3648 776 3714 'Plane
800 3655 906 3715 tamen
931 3646 1114 3731 omittiuou
1131 3647 1235 3731 potuit
1251 3649 1333 3712 haec·
1344 3649 1383 3712 de
1402 3649 1568 3734 magistra-

388 3748 473 3814 tibus
499 3754 644 3836 quaestio
666 3753 774 3838 priore
795 3752 876 3828 loco,
905 3753 1059 3838 quoniam,
1079 3748 1198 3838 absque
1223 3771 1261 3815 ea
1291 3749 1466 3834 descriptio
1492 3751 1569 3819 civi·

388 3853 473 3929 tatis,
504 3877 599 3940 quam
614 3858 765 3922 condere
790 3877 824 3922 se
847 3855 929 3920 velle
953 3857 1098 3922 Socrates
1123 3855 1261 3930 dixerat,
1292 3853 1403 3939 perfici
1422 3875 1488 3922 uou
1510 3875 1568 3942 po-

387 3953 465 4034 ruit;
498 3976 557 4026 uec
582 3961 702 4026 iustitia
723 3961 756 4025 iu
781 3957 907 4024 civitate
932 3960 1105 4046 inveniri3¹
1125 3979 1199 4024 uam
1222 3959 1266 4022 ila
1294 3957 1435 4043 singulae
1461 3967 1568 4045 partes

389 4059 535 4139 civitatis,
564 4065 708 4148 partibus
733 4063 843 4140 animi,
873 4083 954 4147 quae
971 4061 1090 4130 iustitia
1109 4070 1146 4128 ut
1170 4063 1212 4128 sit
1234 4059 1391 4140 efficiunt,
1422 4083 1488 4146 nou
1516 4084 1568 4128 re·

387 4182 564 4259 sponsurae
593 4167 737 4238 luissent.
781 4167 844 4234 Sed
875 4170 915 4234 de
944 4168 994 4234 his
1022 4170 1086 4234 iam
1115 4172 1210 4252 aulea
1239 4165 1374 4234 diximus
1411 4175 1443 4233 et
1474 4169 1568 4255 plura

387 4269 490 4364 serius
514 4268 666 4342 dicemus.
