3312 5238
563 391 775 460 ...οι--

94 561 205 618 omncm'
232 549 389 618 civitatem
403 556 609 618 constructam
632 571 701 618 esso
722 557 882 638 appareat.
925 553 973 620 Ad
994 551 1160 622 ciuitatem.
1175 573 1257 626 usco

91 657 236 742 pertinere
258 676 320 720 non
342 659 420 722 haec
440 655 639 730 sotum‚·.sed
661 658 825 742 sequentia
846 655 958 733 etiam.
980 661 1130 744 resipsat
1147 661 1252 726 docet.

90 763 186 844 itaque
207 779 391 844 pergamus:
422 761 681 843 Rempuhlicam,
716 761 862 826 Socrates
890 761 1009 846 inquit,
1044 783 1133 847 quac
1156 761 1256 832 semel

90 865 160 926 boue
184 881 315 930 currere
344 864 502 946 coeperit,
528 883 668 946 pergere
695 862 960 949 quemadmodum
988 867 1083 934 orbes
1111 864 1251 942 soleam,

90 967 135 1049 qui
148 986 269 1052 semper
282 967 418 1033 maiores
434 965 518 1032 fiant
550 969 641 1032 diam
661 963 777 1032 bonam
792 969 1013 1038 educationem
1028 971 1114 1045 hona
1126 968 1255 1054 ingenia

90 1067 220 1144 efficere,
248 1071 340 1134 honis
368 1089 446 1136 vcro
475 1069 609 1154 ingeniis
637 1069 812 1155 praeditos,
842 1073 871 1136 si
890 1069 975 1138 hona
996 1071 1183 1140 educatione
1204 1073 1254 1142 usi

88 1169 203 1247 fuerint,
223 1171 375 1239 meliores
397 1175 490 1251 ctiam
512 1175 673 1256 primibus
688 1173 836 1251 evadere,
861 1197 932 1242 cum
947 1174 982 1242 in
995 1174 1125 1262 reliquis
1140 1179 1251 1253 rebus,

88 1282 145 1340 tum
171 1277 204 1338 in
231 1278 438 1359 generando..
473 1278 653 1344 Videndum
679 1279 776 1362 igitur
803 1299 872 1345 csse
900 1281 1031 1346 summis
1057 1278 1253 1366 reipublicae

88 1379 328 1462 magistratibus,
364 1399 410 1458 ne¹
434 1381 510 1464 qnid
537 1379 631 1462 circa
647 1383 873 1466 gymnasticam
906 1390 938 1448 et
969 1386 1122 1450 musicam
1150 1389 1253 1452 arten

89 1490 218 1554 novetur.
234 1473 338 1560 Εἶδος
359 1479 424 1569 γὰρ
446 1479 564 1564 καινὸν
580 1485 742 1571 μουσικῆς
762 1479 981 1571 μεταβάλλειν
996 1482 1195 1572 εὐλαβητέον
1209 1481 1253 1574 ὦς

88 1585 115 1652 ἐν
134 1577 462 1678 ὅλῳικινδυνείοντα·
492 1582 641 1674 οὐδαμοῦ
669 1583 733 1675 γὰρ
758 1589 927 1656 κινοῦνται
950 1591 1111 1676 μουσικῆς
1133 1586 1253 1682 τρόποι

89 1684 154 1756 ἄνευ
179 1690 358 1757 πολιτικῶν
386 1685 495 1777 νόμον
523 1691 587 1758 τῶν
614 1692 790 1776 μεγίστων,
825 1683 868 1769 ὥς
890 1693 973 1783 φησί
993 1719 1028 1760 τε
1053 1688 1174 1782 Διίμιον
1195 1698 1252 1762 καί

88 1789 334 1881 ἐπιπείθομαι.
376 1796 466 1860 Ηεοο
494 1802 603 1858 autem
619 1792 699 1877 legis
721 1793 941 1878 migrationem
961 1796 1054 1864 facile
1076 1804 1108 1863 ct
1129 1798 1251 1864 clancu-

88 1897 143 1960 lum
165 1897 310 1982 irrepere
339 1905 433 1983 atquc
462 1898 524 1973 ita',
555 1903 591 1962 ut
617 1896 696 1962 nihil
717 1897 798 1962 mali
820 1902 981 1967 effectura
1002 1923 1072 1966 esse
1093 1898 1249 1968 rideatur.
1358 1970 1361 1977 ,

88 2001 154 2065 Nam
173 2004 292 2069 sensim
314 2022 348 2066 sc
369 2000 579 2066 insinuantem
601 2002 635 2064 in
656 2019 765 2066 mores
785 2019 914 2088 serpere
932 2011 969 2069 et
990 2003 1109 2079 studia,
1139 2025 1180 2070 cn
1201 2004 1251 2072 his

87 2101 115 2168 in
131 2113 233 2172 mutua
262 2103 451 2173 commercia
478 2103 541 2168 iam
567 2102 722 2170 maiorem
745 2109 945 2190 procedere„
978 2129 1026 2173 exv
1051 2107 1258 2178 commerciis*

87 2210 221 2292 progredi
243 2211 286 2274 ad
307 2211 394 2292 leges
415 2207 727 2293 remque-publicam
749 2197 827 2276 cum
849 2212 948 2286 muita
974 2209 1119 2289 licentia,
1149 2214 1254 2278 donee

87 2317 334 2380 tandemcuncta
355 2319 387 2378 ct
406 2311 529 2399 privata
543 2319 575 2376 ct
588 2311 714 2395 publica
730 2321 901 2398 pervertat,
925 2317 984 2391 ἕως
1005 2310 1047 2382 ἂν
1069 2317 1252 2383 τελευτῶσα

87 2410 181 2482 πάντα
201 2413 277 2507 ι’ὁίςι
297 2421 354 2482 καὶ
374 2415 518 2504 ὁημοσίᾳ
540 2411 737 2508 ἆνατρέιμμ
767 2414 815 2482 Ob
831 2437 902 2484 eam
922 2419 1021 2502 igitur
1034 2437 1160 2484 causam
1172 2441 1251 2502 pue·.

87 2537 131 2583 ros
149 2520 239 2588 huius
263 2519 411 2596 civitatis,
426 2517 521 2606 quod
542 2522 604 2585 iam
627 2517 719 2584 initio
741 2517 867 2597 dixerit,
888 2519 972 2590 ludis
988 2523 1087 2606 magis
1101 2521 1251 2605 legitimis

87 2609 267 2690 imbuendos
283 2643 365 2690 csse.
406 2626 485 2716 Nam
506 2621 540 2688 id
561 2621 623 2687 nisi
643 2621 714 2699 fiat,
744 2621 867 2708 legibus
889 2622 1080 2690 obedientes<
1095 2631 1128 2690 et
1148 2621 1251 2692 bonos

87 2726 159 2792 viros
180 2747 219 2796 cx
240 2725 283 2792 iis
305 2725 475 2810 provenire
494 2745 560 2792 nou
581 2745 687 2812 posse.
733 2727 766 2790 Si
788 2747 867 2804 veros
888 2729 1052 2814 coeperint
1072 2726 1166 2812 pueri
1180 2731 1251 2812 pul⁴

87 2826 150 2894 chre
174 2833 306 2908 ludere,
341 2838 374 2896 ct
404 2828 549 2896 ordinem
579 2828 706 2914 legibus
737 2838 981 2899 consentaneum
1012 2853 1071 2916 per
1099 2834 1252 2900 musicam

87 2937 269 3017 acceperint,
299 2937 393 3018 plane
415 2934 573 3000 contrario
596 2938 693 3000 modo
716 2941 810 3020 atquc
831 2933 947 3002 inillis
970 2933 1011 3000 ad
1032 2939 1137 3002 omnia
1158 2935 1252 3022 sequi

86 3041 209 3106 eundem
237 3046 272 3106 ct
301 3037 429 3110 iuvare,
462 3039 674 3121 corrigentem
695 3035 839 3106 etiamsi
858 3039 936 3122 quid
957 3045 1049 3123 antea
1069 3041 1103 3104 in
1124 3039 1251 3106 ciuitate

87 3136 215 3208 iacuerit.
262 3145 325 3208 Eos
347 3140 445 3226 igitur
466 3139 586 3224 quis-ita
607 3139 729 3208 educati
751 3141 814 3206 sint
833 3139 925 3206 facilc
947 3142 1132 3208 inventuros
1152 3161 1252 3228 parua

86 3243 169 3322 iaec,
194 3243 356 3331 quomodo
380 3263 456 3328 erga
477 3245 618 3310 seniores
641 3264 674 3308 se
697 3261 810 3328 gerere
831 3247 971 3310 debcant
991 3247 1151 3324 iuniores,
1175 3265 1253 3330 erga

87 3356 219 3428 parentes
233 3347 342 3423 liberi,
364 3355 396 3412 et
409 3349 695 3434 omnemcorporis
706 3345 846 3422 habitum
861 3347 1042 3434 cultumque
1055 3350 1110 3434 qui
1120 3351 1251 3418 deceat:

88 3450 203 3518 stultum
224 3473 304 3520 vero
325 3471 394 3518 esse
416 3471 454 3518 ca
474 3450 597 3534 legibus
618 3450 742 3538 scriptis
763 3451 845 3520 velle
868 3454 1007 3530 sancire,
1029 3473 1126 3538 quum
1148 3471 1253 3537 neque

86 3548 185 3622 fierent
210 3577 315 3641 neque
336 3561 502 3622 manerent
522 3549 609 3646 λόγῳ
632 3579 666 3621 τε
688 3560 745 3622 καὶ
766 3548 939 3643 γράμμασι
957 3557 1253 3642 νομοθετηθέντα

86 3655 172 3735 Nam,
202 3661 246 3726 itu
267 3657 427 3724 concludit
448 3660 612 3723 Socrates:
642 3653 835 3743 Κινδυνεύει
863 3659 942 3743 γοῦν
964 3658 998 3724 ἐκ
1020 3659 1079 3740 τῆς
1099 3660 1253 3737 παιδείας

87 3748 153 3826 ὅποι
175 3759 288 3840 ίίνψτις
310 3756 454 3855 ὁρμήσῃ,
484 3762 624 3828 τοιαῦτα
644 3767 700 3828 καὶ
721 3759 765 3828 τοί
787 3757 929 3847 ἑπόμενα
951 3751 1044 3830 εἶναι.
1066 3757 1087 3843 ἢ
1110 3757 1170 3829 οὐκ
1191 3763 1253 3830 οἴει

86 3857 118 3926 τὸ
145 3857 261 3951 ὅμοιον
289 3861 327 3933 ὃν
354 3857 470 3952 ὅμοιον
497 3867 699 3954 παρακαλεῖς
735 3859 880 3952 Τίπμήνς
912 3865 983 3932 Καὶ
1011 3865 1166 3946 τελευτῶν
1194 3861 1253 3948 δὴ,

86 3955 179 4048 οἶμαι,
202 3971 325 4060 φαῖμεν
346 3964 387 4036 ἂν
408 3962 455 4044 είς
477 3968 510 4034 ἕν
531 3993 569 4034 τι.
585 3971 695 4034 τέλεον
714 3972 769 4034 καὶ
791 3962 944 4036 νεανικὸν1
961 3963 1153 4054 ἀποβαίνειν
1167 3959 1252 4040 αὐτὸ

85 4062 256 4155 ἢάγαθὸν
276 4067 297 4152 ἢ
319 4075 382 4138 καὶ.
396 4065 597 4139 τούναντίον.
646 4069 685 4136 Τί
706 4067 771 4161 γὰρ
794 4066 871 4154 οὔτις
897 4057 971 4151 ἧδ’
1003 4062 1050 4149 ὅς.
1087 4065 1172 4158 Ἐγὼ
1191 4078 1253 4160 μὲν

85 4171 197 4254 τοίνυν,
226 4164 335 4255 εἶπον,
364 4171 420 4242 διὰ
441 4175 549 4242 ταῦτα
571 4167 633 4242 οὐκ
652 4168 693 4242 ίίν
715 4173 762 4240 ἔτι
784 4169 826 4241 τὰ
848 4173 989 4240 τοιαῦτα
1011 4168 1253 4266 ἐπιχειρήσαιμι

85 4281 284 4364 νομοθετεῖν,
321 4272 468 4362 Εἰκότως
489 4273 637 4372 γ’,.ἔφη.,
660 4279 747 4348 Haeo
761 4283 880 4372 autom,
902 4279 1052 4351 ucetiam
1072 4281 1248 4366 sequentia,
