3298 5232
411 532 478 592 tum
511 545 552 590 oe
583 523 669 592 idem
689 523 817 610 quidem
844 523 1034 611 principium
1064 524 1104 590 sit
1132 525 1218 611 quod
1249 520 1395 610 priorum
1418 523 1561 592 librorum.

410 631 490 695 Nam
511 630 614 708 ideam
636 627 712 694 boni
731 627 871 696 iustitiae
891 627 995 694 locum
1014 648 1185 712 oeouparo,
1213 631 1295 695 banc
1315 625 1439 706 cedere,
1465 637 1495 694 et
1509 651 1565 716 spe·

410 733 457 798 eie
481 739 600 799 tantum
621 752 685 797 non
699 751 735 796 re
751 733 887 817 primum
905 731 1010 799 locum
1028 734 1175 807 retinere,
1202 733 1407 818 perspicuum
1425 739 1479 797 est.
1513 736 1564 800 lan

411 835 509 922 magis
541 843 674 922 apparet
706 856 764 900 eur
790 843 883 901 antea
917 839 957 902 de
992 836 1225 922 magistratibus
1255 857 1320 902 uon
1352 835 1444 903 latius
1469 836 1565 902 dietum

411 938 461 1008 sit.
504 942 591 1004 Haec
624 940 708 1004 enim
736 941 879 1025 quaestio
916 959 987 1006 eum
1021 942 1205 1028 quaestione
1231 939 1270 1005 de
1294 942 1368 1006 idea
1392 938 1467 1004 boni
1486 942 1565 1025 magis

411 1045 576 1120 coniuncta
604 1041 672 1110 fuit.
715 1044 818 1108 Antea
842 1050 947 1108 autam
976 1047 1185 1128 quaerebatur
1208 1045 1338 1114 iustitia.
1381 1045 1489 1109 Nonne
1515 1065 1566 1108 on-

410 1149 463 1214 nia
490 1143 672 1233 perturbata
695 1154 809 1221 essent,
836 1148 876 1222 si,
902 1151 1043 1214 nondum
1067 1146 1193 1214 inventa
1219 1146 1356 1224 iustitia,
1383 1146 1485 1212 ideam
1505 1145 1565 1213 boni

410 1249 570 1337 explicare
597 1249 769 1319 voluisset?
813 1253 891 1318 Nam
921 1253 966 1316 ita
988 1249 1169 1336 graviorem
1197 1254 1279 1316 bane
1309 1253 1518 1337 quaestionem
1541 1250 1565 1314 in

406 1355 516 1422 medio
541 1353 670 1423 levioris
698 1355 825 1429 tractari
855 1373 984 1420 neeesse
1011 1352 1081 1420 luit.
1126 1357 1172 1420 Ae
1200 1377 1241 1420 ne
1268 1356 1371 1440 potuit
1400 1353 1520 1439 quidem
1542 1354 1565 1418 id

410 1460 541 1526 omnino
564 1455 643 1533 fieri,
666 1456 694 1522 si
711 1455 839 1527 laedere
864 1457 963 1528 nollet
983 1460 1124 1542 speeiem
1141 1461 1181 1524 de
1201 1459 1307 1544 operis
1323 1457 1388 1524 fine
1409 1461 1564 1538 excitatam,

411 1561 524 1648 quaeri
549 1560 711 1629 iustitiam.
735 1595 777 1620 „-
798 1564 888 1626 Nnno
911 1569 1042 1646 apparet
1064 1561 1177 1638 etiam,
1204 1582 1261 1628 eur
1284 1569 1377 1627 antea
1403 1561 1443 1628 de
1467 1562 1565 1630 libero-

409 1686 482 1732 rum
501 1664 731 1752 mulierumque
753 1667 974 1731 communione
992 1665 1110 1732 dietum
1130 1686 1195 1731 non
1214 1667 1267 1730 sit.
1311 1669 1389 1730 Nam
1407 1687 1471 1733 non
1484 1665 1564 1732 solun

409 1769 511 1839 aliena
531 1777 579 1836 est
601 1768 678 1835 bare
703 1768 875 1855 disputatio.
895 1791 914 1834 a
934 1767 1070 1845 iustitia,
1105 1773 1160 1835 sed
1180 1769 1377 1854 aliquatenus
1403 1769 1508 1836 saltem
1526 1789 1564 1834 ee

409 1876 521 1944 laserm
540 1893 626 1942 ,cum
664 1871 875 1959 disputatione
910 1876 950 1940 de
988 1871 1184 1959 pbilosophis
1213 1880 1308 1959 atque
1338 1873 1562 1958 magistratibus.

408 1980 481 2064 Ipsa
509 1997 586 2044 vero
612 1976 788 2049 liberorum
815 1975 1047 2061 mulierumque
1073 1973 1253 2042 communio
1286 1996 1358 2042 aum
1386 1975 1563 2060 potissimm

409 2081 443 2154 in
464 2080 558 2153 inem
579 2079 705 2149 videtur
725 2079 866 2152 instituta
884 2097 953 2146 esse
969 2088 1004 2147 nt
1021 2078 1202 2165 pbilosopbi
1219 2079 1421 2164 magistratus
1436 2081 1563 2146 existant

411 2186 559 2252 Ceterum
580 2183 608 2250 si
635 2203 787 2268 quaeras,
811 2204 878 2251 ,eur
901 2201 965 2248 non
985 2169 1094 2250 ‘stetin
1119 2182 1210 2250 initio
1235 2184 1339 2250 ideam
1367 2181 1447 2250 boni
1471 2184 1564 2270 prinei·

406 2287 498 2374 pium
523 2289 683 2374 perfectae
706 2285 839 2357 civitatis
870 2284 1087 2372 proposuerit,
1123 2289 1233 2352 eadem
1254 2286 1290 2353 id
1317 2288 1442 2354 ratione
1471 2286 1563 2352 laetum

406 2412 479 2468 osso
505 2389 785 2478 respondebimus,
822 2411 885 2477 qua
912 2411 1016 2474 neque
1045 2388 1124 2475 dixit
1151 2391 1275 2467 Plato,.
1297 2411 1332 2456 se
1356 2375 1406 2457 'ad
1437 2390 1563 2457 iustitiam

408 2503 558 2581 tauquam
585 2515 730 2565 normam
757 2493 895 2562 formare
928 2493 1099 2560 civitatem.
1145 2495 1234 2570 Quae
1263 2483 1470 2562 dissimulatio
1499 2493 1562 2560 eirea

405 2600 515 2678 ideam
543 2598 625 2667 boni
650 2606 736 2666 tanto
765 2597 866 2682 magis
894 2586 1060 2668 retinenda
1084 2595 1162 2674 suit,
1203 2599 1288 2682 quod
1317 2600 1400 2664 bano
1429 2598 1561 2666 civitaten

408 2725 473 2770 non
498 2702 568 2782 diis,
593 2705 650 2770 sed
674 2699 859 2774 bominibus-
876 2699 1013 2774 ooudere
1034 2698 1161 2769 volebat
1180 2702 1283 2780 Plato,
1306 2705 1395 2788 quod
1419 2705 1491 2770 idea
1505 2698 1562 2766 boni

408 2814 458 2875 ast
479 2805 671 2893 principium
698 2804 833 2873 civitatis
859 2804 1018 2880 divinum,
1049 2805 1166 2873 iustitia
1186 2807 1374 2886 humanum
1413 2808 1496 2892 qpod
1513 2806 1562 2888 ple·

405 2929 509 2992 raquo
538 2908 680 2977 instituta
707 2911 840 2976 civitatis
863 2907 1035 2976 seeundum
1066 2909 1231 2978 iustitiam·
1247 2909 1386 2980 maome
1410 2909 1562 2976 ordinanda

409 3020 508 3083 orant.
526 3021 558 3080 et
582 3012 684 3080 serius
707 3011 834 3086 demum
860 3014 901 3081 ad
923 3010 1027 3082 ideam
1049 3009 1128 3080 boni
1153 3013 1322 3080 aoeedebot
1346 3013 1462 3084 oratio.
1501 3015 1561 3076 Nan

408 3125 444 3188 ut
468 3119 501 3187 in
523 3119 662 3187 humano
681 3116 787 3193 animo
811 3115 948 3200 primum
970 3114 1186 3202 quaerendum
1205 3126 1263 3192 est,
1293 3137 1376 3201 qnae
1399 3119 1462 3184 sint
1474 3123 1561 3200 partes

408 3221 477 3293 eius
501 3229 534 3289 et
555 3229 630 3290 utra
654 3223 748 3289 alteri
773 3227 931 3306 praestet,
968 3217 1082 3286 deinde
1109 3222 1269 3304 quomodo
1297 3241 1358 3286 eae
1389 3217 1560 3288 ordinandae

407 3326 471 3395 sint
490 3328 664 3393 seeundum
690 3332 834 3392 neumam
863 3341 969 3398 suam,
1001 3331 1034 3391 et
1061 3331 1171 3409 postea
1191 3321 1316 3392 demum
1342 3327 1453 3410 qu'aeri
1474 3323 1559 3394 debet,

408 3427 486 3517 quid
510 3433 551 3496 sit
575 3449 732 3496 summum
758 3436 998 3512 extremumque
1027 3429 1113 3511 quod
1141 3426 1236 3494 bomo
1266 3437 1416 3515 appetere
1446 3424 1558 3496 debeat,

407 3533 520 3602 eodem
544 3535 640 3603 modo
657 3553 691 3598 se
712 3530 808 3599 babet
825 3551 903 3598 eum*
917 3530 1055 3608 civitate,
1080 3551 1160 3616 quae
1179 3539 1328 3616 tanquam
1346 3532 1449 3600 maior
1469 3527 1560 3614 aliquis

406 3641 504 3710 bomo
529 3646 588 3704 est.
632 3638 742 3722 ltaque
769 3634 904 3722 primum
924 3636 992 3708 eius
1013 3642 1120 3721 partes
1143 3638 1342 3720 quaerendae
1360 3645 1392 3702 et
1408 3635 1560 3702 secundum

407 3740 560 3810 iustitiam
585 3739 777 3809 ordinandae
800 3740 946 3819 fuerunt;
975 3745 1042 3804 tum
1066 3741 1193 3806 demum
1218 3740 1328 3824 quaeri
1350 3737 1472 3814 debuit,
1489 3732 1559 3820 ‚qnid
1611 3795 1612 3804 ,

408 3852 492 3911 esset
515 3863 672 3911 summum
694 3851 949 3929 extremumque,
976 3841 1017 3910 ad
1043 3845 1129 3927 quod
1151 3843 1252 3914 omnis
1275 3841 1392 3910 civitas.
1406 3834 1558 3926 dirigenda,

407 3945 493 4016 unde
519 3945 637 4026 iustitia
660 3947 729 4034 ipra
750 3957 898 4034 tanquam
922 3969 962 4012 ex
988 3948 1075 4012 tonte
1102 3968 1160 4012 suo
1185 3949 1356 4033 repetenda
1381 3948 1441 4012 sit?
1481 3946 1558 4008 Fere·

406 4049 502 4128 bomo
526 4060 631 4118 autem
656 4061 770 4123 natura
794 4049 913 4136 dialogi
941 4057 1006 4116 tam
1036 4049 1235 4118 artificiosam
1262 4051 1451 4136 systematiei
1471 4044 1558 4134 operis

407 4155 579 4232 rationem,
612 4174 692 4241 qnae
717 4156 845 4240 quidem
865 4155 937 4239 ipso
961 4154 1066 4240 operis
1094 4153 1197 4220 initio.
1214 4153 1425 4222 indicaretur?
1467 4144 1558 4218 comi·

406 4261 561 4355 derantur
585 4277 664 4330 vero
690 4261 785 4328 etiam
808 4262 905 4337 haer:
938 4259 1029 4329 Plato
1055 4258 1088 4326 in
1111 4256 1313 4348 disponendis
1339 4254 1484 4345 operibus
1505 4248 1557 4320 suis
