3298 5232
850 399 1080 467 ..156-

383 551 487 651 φάσιν
508 557 660 648 ἐτίθεμεν
681 554 738 628 τὸν
759 553 871 648 νόμον·
894 555 984 628 ἀλλά
1002 557 1046 628 τά
1066 559 1124 629 νῦν
1145 555 1237 653 παρά
1259 559 1366 628 ταῦτα
1387 556 1564 648 γιγνόμενα

383 659 477 754 παρὰ
505 658 608 756 φύσιν
635 665 777 752 μᾶλλον,
813 659 855 744 ὡς
885 663 986 747 ἔοικε,
1015 665 1173 752 γίγνεται.
1209 662 1348 734 ”.Εοικεν
1395 661 1564 748 Οὐκοῦνὴ
1635 725 1636 746 2

384 767 557 862 ἐπίσκεψις
585 761 663 888 ἡμῖν
692 755 747 872 ἦν,
776 764 807 834 εἰ
830 764 955 835 δυνατά
984 795 1020 854 γε
1046 795 1101 836 και
1122 771 1279 856 βέλτιστα
1302 771 1469 856 λέγοιμενς
1498 755 1568 836 Ην

382 866 457 960 γάρ.
501 863 645 938 Καὶὸτι
667 867 789 956 μὲνδὴ
811 868 948 950 δυνατά,
972 868 1235 992 διφμολὸγηταις
1263 873 1346 939 Ναί.
1393 871 1441 938 Gi.
1459 872 1565 938 etmlih

383 979 422 1042 V:
446 995 479 1059 p.
502 976 577 1052 1050,
602 975 637 1041 C.
662 976 708 1040 St.
753 979 824 1041 Non
851 974 942 1042 facile
968 976 1039 1064 quis
1065 979 1126 1044 erit
1155 977 1210 1064 qui
1239 976 1361 1042 dubitet
1392 997 1473 1062 quae
1515 978 1570 1042 hio

384 1079 425 1144 de
446 1081 613 1144 custodum
635 1078 820 1146 mulieribus
835 1081 981 1146 dicantur
1004 1082 1043 1145 ad
1065 1080 1224 1145 civitatem
1246 1087 1367 1146 tontum
1386 1079 1566 1168 pertinere,

384 1199 445 1248 nee
464 1195 539 1246 'eum
563 1183 748 1269 quaestione
776 1181 816 1249 do
840 1187 911 1249 viro
935 1183 1020 1249 iusto
1047 1187 1212 1250 coniuncta
1237 1203 1317 1249 osse.
1362 1185 1424 1249 Sed
1451 1193 1569 1249 suntne

384 1288 496 1351 eadem
521 1307 602 1371 quae
630 1306 725 1373 supra
756 1289 796 1352 de
822 1287 1005 1352 custodibus
1030 1287 1175 1374 exposita
1197 1286 1345 1353 fuerant?
1380 1290 1444 1354 Cu‘r
1468 1287 1569 1372 igitur

384 1408 421 1455 ea
443 1389 606 1456 advirum
628 1393 743 1456 iustum
765 1394 926 1474 pertinere
944 1397 1113 1477 potemus?
1135 1427 1177 1441 -
1198 1393 1349 1457 Potestne
1371 1410 1452 1456 vero
1479 1393 1567 1456 credi

386 1491 467 1558 hane
504 1494 679 1577 perlectam
712 1493 871 1559 civitatem
908 1501 1029 1559 tantum
1063 1494 1266 1560 illustrandae
1298 1496 1437 1560 iustitiae
1471 1513 1567 1560 causa

384 1603 560 1664 extructam
572 1613 659 1674 esse,
684 1603 738 1664 ant
752 1596 891 1662 voluisse
903 1597 1064 1664 Platonem
1083 1598 1203 1663 tontum
1218 1599 1389 1683 imaginem
1405 1597 1566 1684 perfectae

385 1702 518 1766 civitatis
538 1699 718 1777 delineare,
745 1720 810 1767 non
831 1708 993 1767 curantem
1017 1723 1057 1768 an
1077 1724 1117 1767 ea
1137 1701 1220 1767 inter
1240 1705 1386 1768 homines
1403 1700 1478 1767 fieri
1494 1721 1565 1788 pos-

383 1807 440 1882 sit,
480 1825 577 1890 quum
607 1813 772 1890 tantopere
802 1812 892 1871 curet
920 1827 960 1871 an
990 1805 1155 1893 possibilia
1180 1807 1243 1871 sint
1268 1825 1350 1891 quae
1375 1809 1504 1870 tradat?
1525 1839 1564 1854 -

384 1912 464 1975 Tum
483 1911 576 1974 docet
589 1911 710 1996 optima
725 1927 761 1973 ea
777 1929 864 1974 esse:
891 1901 974 1976 “Ore
996 1911 1031 1975 δὲ
1054 1907 1094 1991 δὴ
1115 1911 1283 1995 βέλτιστα,
1308 1905 1346 1975 τὸ
1367 1904 1452 1996 μετά
1465 1908 1563 1974 τοῦτο

384 2015 437 2080 δεῖ
463 2014 773 2100 διομολογηθῆναι,·
809 2014 926 2094 Δῆλον.
975 2007 1101 2080 Οὐκοῦν
1132 2007 1217 2103 πρός
1246 2037 1282 2099 γε
1308 2008 1347 2080 τὸ
1378 2008 1563 2104 φυλακικὴν

383 2123 525 2202 γυναῖκα
546 2119 724 2202 γενέσθαι,
755 2111 826 2182 οὐκ
854 2113 961 2196 ἄλλη
987 2122 1032 2202 μὲ
1041 2139 1059 2181 ν
1086 2109 1185 2204 ἡμῖν
1214 2111 1372 2207 ἄνδρας
1398 2110 1562 2198 ποιήσει

384 2219 568 2300 παιδεία,
590 2215 692 2299 αλλη
715 2221 755 2285 δὲ
776 2223 1001 2305 γυναινας
1031 2215 1139 2297 αλλως
1161 2241 1195 2285 τε
1217 2224 1273 2285 και
1295 2241 1354 2301 τιγν
1376 2241 1497 2300 αυτην
1503 2243 1563 2311 φυ

385 2345 439 2390 σιν
459 2323 725 2411 παραλαβοῦσας
752 2319 819 2390 Οὐκ
840 2319 934 2404 άλλη.
978 2323 1057 2400 Πῶς
1079 2309 1138 2390 οὖν
1155 2321 1236 2410 ἔχεις
1251 2319 1347 2404 δόξης
1361 2347 1421 2389 του
1406 2323 1563 2388 ”τοιοῦδε

385 2430 474 2518 πέρα·
528 2427 624 2506 Τίνος
652 2421 712 2508 δας
748 2425 829 2492 Τοῦ
855 2420 1103 2514 ὑπολαμβάνειν
1127 2421 1222 2546 παρά
1251 2427 1379 2493 σεαοτῶ
1414 2421 1475 2491 τὸν
1506 2431 1563 2513 μὲν

385 2524 503 2617 ἀμείνω
526 2526 642 2620 ἀνδρα,
664 2525 780 2596 τὸνδὲ
766 2529 905 2618 ὲχείριο.
926 2525 948 2610 ἢ
969 2525 1098 2607 πάντας
1120 2524 1255 2616 ὁμοίους
1277 2524 1357 2624 676,-
1391 2525 1561 2654 Οὐδαμῶς.

379 2621 496 2701 Ἕν
458 2658 517 2700 ουν
540 2635 578 2729 τῇ
599 2627 738 2712 πόλει,’
725 2627 765 2714 ἡν
787 2628 956 2725 ᾠκίζομεν,
984 2627 1124 2718 πότερον
1146 2633 1248 2714 οἴει]
1228 2627 1305 2719 ἡμῖν
1330 2629 1484 2722 ἀμείνους
1509 2629 1562 2698 ἀν·
1638 2622 1639 2664 ³

339 2758 344 2772 ·
386 2740 468 2862 δρας
482 2706 700 2825 ἐξειργάσθαι
711 2733 789 2814 τοὺς
800 2732 980 2854 φύλακας,
979 2731 1141 2824 τυχόντας
1153 2725 1190 2817 ἧς
1202 2732 1389 2824 διήλθομεν
1403 2737 1562 2815 παιδείας,

385 2837 407 2924 ίγ
429 2838 506 2920 τοὺς
528 2834 762 2928 σκυτοτόμους,
785 2841 824 2934 τῇ
846 2863 980 2933 οκυτικη
964 2840 1265 2923 παιδευθένταςς
1297 2842 1456 2920 Γελοῖον,
1489 2840 1562 2931 ἔφη,

385 2945 519 3036 ἐρωτᾷς.
561 2937 795 3023 Μανθάνω,”
767 2967 869 3035 εφην.
891 2967 922 3008 τι
917 2942 995 3025 ’δές
1018 2943 1081 3010 τῶν
1103 2939 1211 3011 ἀλλων
1232 2944 1375 3010 πολιτῶν
1397 2939 1458 3032 οὐχ
1472 2933 1563 3010 οὗτοι

385 3045 537 3140 ἀριστοις
560 3041 655 3113 Πολύ
678 3071 724 3133 γε.
772 3047 812 3112 Τί
833 3048 887 3128 ot,-
909 3048 944 3111 αἱ
964 3049 1115 3167 γυναῖκες
1130 3047 1195 3112 τῶν
1212 3048 1375 3132 γυναικῶν
1390 3043 1451 3136 οὐχ
1465 3037 1565 3114 αὗται

385 3152 518 3220 ἔσονται
539 3153 730 3237 βέλτισταις
758 3151 829 3218 Καὶ
850 3150 969 3226 τοῦτο,
1001 3147 1082 3240 ἔφη,
1105 3144 1199 3217 πολύ.
1234 3145 1338 3218 Ἔστι
1360 3151 1449 3216 δέτι
1471 3145 1566 3216 πόλει

386 3252 535 3338 ἀμεινον,
563 3250 584 3336 ἢ
605 3249 763 3340 γυναῖκάς
790 3277 824 3319 τε
852 3257 909 3319 και
938 3247 1106 3342 ἀνδρας’
1085 3279 1128 3332 ως
1149 3248 1306 3344 ἀρίστους
1334 3254 1565 3341 ἐγγίγνεσθαι,Ι

390 3353 458 3425 Οὐκ
480 3359 561 3426 ἔστι.
609 3358 717 3427 Τοῦτο
740 3359 774 3423 δὲ
796 3350 939 3444 μουσική
961 3379 996 3422 τε
1018 3360 1074 3422 καὶ
1095 3354 1299 3444 γυμναστικὴ
1321 3351 1566 3446 παραγιγνόμε-

384 3487 451 3539 ναι,
468 3456 518 3540 ιώς
538 3456 631 3548 ἡμεῖς
652 3456 851 3548 διήλθομεν.
873 3455 1136 3551 ἀπεργάσονταις
1158 3461 1238 3538 Πῶς
1260 3455 1290 3526 δ
1316 3457 1382 3544 063¹
1401 3457 1448 3527 06
1462 3455 1566 3548 μόνον

386 3563 454 3655 ἀρα
476 3560 636 3645 δυνατὸν,
669 3559 755 3630 ἀλλά
777 3569 834 3630 καὶ
855 3561 993 3654 ἄριστον
1014 3559 1108 3630 πόλει
1129 3559 1270 3650 νόμιμον
1293 3564 1455 3652 ἐτίθεμεν.
1504 3554 1566 3630 06-

385 3693 458 3747 τως.
496 3665 700 3736 Ἀποδυτέον
727 3664 767 3750 δὴ
794 3671 868 3745 ταῖς
889 3668 953 3732 τῶν
974 3660 1131 3760 φυλάκων
1152 3667 1298 3753 γυναιξίν
1305 3718 1313 3749 ,
1341 3668 1469 3758 ἐπείπερ
1492 3661 1567 3758 ἀρε-

386 3875 445 3956 τῆς
472 3872 574 3957 ἀλλιγς
604 3875 756 3967 φυλακῆς
785 3875 843 3954 τῆς
869 3877 943 3964 περὶ
967 3869 1028 3954 τὴν
1049 3869 1163 3952 πόλιν,
1196 3881 1252 3942 καὶ
1279 3870 1339 3942 οὐκ
1366 3869 1453 3940 ἀλλα
1483 3899 1566 3960 πρα-

386 3981 498 4046 κτέον·
527 3973 707 4045 τούτωνδ’
733 3973 841 4043 αὐτῶν
863 3972 904 4042 τά
927 3972 1136 4069 ἐλαφρότερα
1162 3984 1235 4056 ταῖς
1255 3977 1417 4066 γυναιξὶν,
1446 3973 1468 4058 ἢ
1498 3981 1566 4056 τοῖς

386 4075 529 4170 ἀνδράσι
550 4083 664 4149 δοτέον
686 4077 742 4147 διά
765 4077 828 4162 τὴν
847 4079 907 4145 τοῦ
927 4082 1042 4165 γένους
1063 4076 1254 4150 ἀσθένειαν.
1278 4077 1296 4149 6
1317 4084 1352 4148 δὲ
1367 4082 1469 4167 γελῶν
1484 4076 1565 4168 ἀνὴρ

386 4188 437 4254 ἐπὶ
459 4188 599 4273 γυμναῖς
619 4183 762 4270 γυναιξὶ,
792 4183 853 4248 τοῦ
873 4182 1048 4267 βελτίστου
1070 4187 1162 4251 ἕνεκα
1183 4188 1446 4273 γυμναζομέναις
1467 4179 1566 4265 ἀτελῆ

386 4292 446 4360 τοῦ
466 4288 597 4378 γελοίου
620 4287 744 4383 σοφίας
765 4289 891 4377 δρέπων
912 4283 1041 4377 καρπὸν
1062 4283 1158 4358 οὐδὲν
1180 4278 1282 4372 οἶδεν,
1310 4284 1353 4370 ὡς
1375 4287 1493 4368 ἔοικεν,
1514 4283 1564 4383 ἐφ’
